4542 5659
2218 350 2322 415 IX

446 579 693 637 rectum
740 567 1053 633 orationis
1119 566 1455 631 decmsum
1513 562 1891 633 desiderem.
1987 563 2230 646 Quodsi
2292 563 2463 630 enim
2509 564 2830 645 paiticula
2879 563 3027 636 ἐκεῖ,
3093 563 3157 628 id
3223 563 3394 643 quod
3451 565 3623 629 inter
3679 585 3900 631 01111105
3948 587 4094 635 con·

447 678 646 757 venit,
697 676 781 741 ad
828 675 1026 740 Asiae
1073 672 1372 755 regiones
1420 672 1725 754 pertinet,
1773 690 1903 737 non
1949 678 2223 753 apparet
2271 690 2386 736 cur
2431 690 2560 735 non
2608 676 2802 752 poeta
2849 671 2964 735 hos
3012 670 3168 736 duos
3219 689 3445 735 versus

1298 781 1460 840 τάκεῖ.
1505 779 1785 864 χορεύσας
1832 778 1926 840 καὶ
1972 782 2340 861 καταστήσας
2387 778 2532 857 έμας

1299 886 1563 956 τελετάς,
1609 886 1679 945 ἵν’
1731 887 1850 969 εἴην
1898 885 2159 970 ἐμφανής
2204 884 2418 963 δαίμων
2468 881 2706 969 βροτοῖς.

448 997 671 1064 51011111
715 1001 865 1079 post
910 1015 974 1063 v.
1014 1002 1095 1060 19
1145 992 1579 1070 collocaverit,
1630 1010 1771 1057 cum
1818 991 2128 1074 primaria
2173 991 2521 1070 sententia,
2572 1009 2736 1071 quae
2782 991 2848 1056 in
2897 1010 2958 1057 v.
2998 998 3078 1056 20
3113 992 3498 1072 continetur,
3548 992 3614 1059 in
3663 993 3789 1059 fine
3836 995 4090 1061 demum

448 1105 644 1170 totius
689 1102 1089 1169 narrationis
1134 1100 1390 1166 itineris
1438 1099 1777 1164 succedere
1823 1098 2111 1175 deberet,
2162 1097 2279 1163 illa
2324 1104 2541 1163 autem
2587 1098 3097 1164 Willamowitzii
3147 1099 3527 1181 scriptione,
3589 1120 3754 1181 qnae
3812 1103 3897 1167 ad
3945 1122 4088 1184 pro-

445 1210 630 1277 dosin
675 1211 1029 1293 pertinent,
1079 1209 1246 1273 male
1292 1207 1360 1273 in
1406 1206 1673 1288 apodosi
1720 1206 2131 1271 collocentur.
2242 1205 2517 1269 Manent
2574 1203 2775 1286 igitur
2839 1205 2932 1270 sic
2994 1223 3242 1285 quoque
3288 1207 3507 1287 plures
3556 1207 3974 1296 difficultates
4022 1218 4092 1277 et

443 1317 899 1394 dubitationes
949 1320 1167 1380 manet
1213 1312 1381 1393 quod
1428 1312 1928 1394 transpositione
1967 1331 2028 1378 v.
2069 1319 2150 1375 20
2198 1329 2390 1390 quam
2423 1310 2770 1377 Piersonus
2816 1312 3305 1392 commendavit,
3355 1313 3678 1380 inutiliter
3708 1320 3776 1381 et
3820 1318 4090 1383 moleste

448 1415 799 1490 consimilis
844 1407 1170 1487 sententia
1217 1421 1519 1502 deinceps
1574 1419 1920 1501 repetitur,
1990 1437 2155 1498 quae
2220 1417 2523 1500 repetitio
2559 1437 2706 1483 ·non
2755 1419 3072 1499 evitatur,
3139 1419 3394 1485 etiamsi
3450 1422 3608 1482 πολιν
3653 1431 3976 1489 mutamus
4022 1425 4090 1490 in

446 1531 652 1615 χθόνα,
710 1535 931 1595 manet
987 1528 1211 1610 gravis
1269 1526 1591 1592 dubitatio
1663 1526 1742 1592 de
1811 1548 1872 1594 v.
1933 1512 2283 1596 ἀνωλολυξα
2352 1545 2493 1591 011111
2551 1525 2801 1591 01110010
2867 1526 3221 1593 001111111010.
3327 1528 3600 1594 Accedit
3662 1536 3879 1596 autem
3945 1550 4090 1598 mea

444 1636 702 1717 quidem
764 1635 1091 1700 sententia
1147 1633 1322 1698 aliud
1380 1637 1859 1715 argumentum,
1928 1630 2096 1712 quod
2153 1631 2434 1697 editores
2489 1631 2737 1713 fugisse
2793 1632 2999 1698 video.
3095 1634 3262 1699 Puto
3320 1635 3488 1700 0111111
3558 1655 3683 1702 11011
3749 1639 3957 1706 50111111
4021 1641 4088 1705 111

446 1761 505 1808 v.
558 1729 931 1812 ἀνωλολοξα,
990 1740 1104 1806 5οᾶ
1162 1740 1355 1804 0110111
1416 1739 1483 1805 111
1540 1739 1756 1804 verbis
1814 1758 1978 1820 quae
2034 1745 2393 1819 sequuntur
2457 1737 2658 1824 νεβρίδ’
2720 1726 2947 1821 ἐξάψας
3001 1739 3170 1825 χροὸς
3237 1741 3446 1826 θύρσον
3504 1762 3565 1804 τε
3614 1741 3744 1813 δούς
3801 1748 3880 1813 εἰς
3927 1755 4088 1834 χεῖρα

448 1852 681 1911 κίσσινον
731 1846 900 1929 βέλος
936 1848 1085 1931 jure
1132 1846 1367 1911 offendi
1412 1866 1631 1927 posse,
1689 1866 1831 1912 cum
1887 1845 1986 1911 his
2044 1846 2262 1912 verbis
2328 1864 2495 1926 quae
2543 1846 3037 1928 descriptionem
3087 1848 3372 1914 bacchici
3433 1849 3644 1915 cultus
3692 1851 4083 1934 contineant,

446 1954 912 2022 sententiarum
960 1972 1165 2019 nexus
1209 1953 1379 2018 male
1423 1955 1741 2032 turbetur.
1837 1952 2014 2019 Deus
2062 1952 2231 2019 enim
2279 1959 2421 2017 tota
2467 1953 2580 2018 illa
2627 1953 2878 2019 itineris
2910 1954 3011 2019 sui
3042 1955 3468 2037 descriptione
3517 1957 3674 2023 nihi]
3722 1959 3898 2025 aliud
3946 1963 4088 2044 agit

443 2064 567 2129 nisi
615 2069 690 2127 ut
734 2080 995 2126 causam
1044 2060 1302 2139 afferat,
1354 2079 1482 2141 qua
1528 2066 1739 2126 motus
1787 2062 2079 2126 omnibus
2121 2062 2319 2126 Asiae
2366 2061 2737 2143 regionibus
2783 2064 3153 2145 peragratis
3202 2064 3461 2129 tandem
3510 2067 3765 2131 Thebas
3813 2071 4083 2150 venerit,

443 2188 668 2251 nempe
715 2175 790 2233 ut
835 2187 944 2233 eos
1003 2167 1356 2233 ulciscatur
1402 2171 1513 2248 qui
1560 2166 1844 2234 divinam
1901 2187 2082 2238 suam
2130 2168 2446 2251 originem
2501 2177 2757 2251 negent.
2866 2169 3004 2252 Quo
3053 2170 3116 2235 in
3165 2173 3631 2237 sententiarum
3679 2193 3926 2241 conexu
3973 2177 4085 2242 illa

442 2278 669 2355 verba,
722 2293 887 2355 quae
934 2273 1019 2339 ad
1064 2275 1386 2340 attributa
1434 2275 1645 2340 cultus
1694 2274 1997 2341 Bacchici
2046 2275 2409 2356 pertinent,
2462 2283 2684 2358 aptum
2734 2277 2939 2341 locum
2988 2279 3227 2342 habere
3276 2297 3401 2345 non
3458 2279 3780 2347 videntur.
3877 2284 4083 2350 Multo

443 2382 663 2464 aptius
708 2382 869 2446 haec
916 2384 1117 2447 verba
1162 2387 1307 2463 post
1353 2400 1414 2447 v.
1468 2387 1551 2446 34
1598 2382 1985 2462 locarentur,
2035 2383 2145 2448 ubi
2190 2383 2356 2449 haec
2403 2384 2676 2465 legimus

1299 2489 1511 2572 σκευήν
1557 2490 1607 2548 τ’
1669 2490 1677 2498 “

1659 2490 1807 2574 ἐχειν
1853 2490 2132 2573 ἠνάγκασ’
2183 2491 2381 2576 ὀργίων
2428 2491 2603 2571 ἐμῶν.

763 2594 1077 2660 Fortasse
1125 2595 1319 2660 etiam
1368 2595 1485 2661 illa
1530 2598 1767 2675 verba,
1835 2595 1914 2662 de
1960 2595 2190 2676 quibus
2238 2597 2508 2679 agimus,
2559 2597 2928 2663 memoriam
2977 2603 3280 2679 repetunt
3329 2620 3575 2680 eorum,
3626 2622 3789 2682 quae
3838 2621 3899 2670 v,
3956 2611 4078 2670 176

445 2702 732 2769 Tiresias
779 2701 938 2766 dicit
985 2701 1289 2767 Cadmum
1339 2721 1374 2767 e
1422 2702 1605 2767 domo
1653 2722 1959 2770 evocans:

1388 2809 1503 2870 οἶδε
1551 2809 1777 2880 δἀὐτὸς
1824 2811 1904 2872 ὠν
1950 2813 2077 2894 ήκω
2122 2813 2240 2896 πέρι

1296 2919 1332 2976 ἆ
1380 2937 1443 2977 τε
1495 2904 1822 3002 ’ξυνεθέμην
1868 2916 2113 3003 πρέσβυς
2160 2918 2240 2978 ὢν
2288 2920 2590 3004 γεραιτέρῳ

1298 3024 1544 3108 θύρσους
1589 3025 1850 3086 ἀνάπτειν
1898 3024 1992 3086 καὶ
2036 3032 2251 3111 νεκρῶν
2298 3025 2468 3110 δοράς
2517 3025 2663 3111 ἔχειν

1299 3137 1612 3215 στεφανοῦν
1658 3152 1721 3193 τε
1770 3141 1949 3217 κρᾶτα
1997 3135 2249 3202 κισσίνοις
2300 3131 2712 3217 βλαστήμασιν.

763 3233 931 3317 Quid
979 3235 1227 3301 multa?
1319 3238 1488 3302 Puto
1537 3245 1904 3320 corruptum
1953 3240 2158 3304 locum
2208 3238 2446 3319 optime
2491 3239 2586 3306 ita
2632 3240 2850 3305 sanari
2897 3247 2969 3307 ut
3025 3262 3253 3308 versus
3303 3249 3386 3307 20
3435 3251 3580 3325 post
3628 3264 3688 3310 v.
3727 3253 3809 3310 22
3869 3255 4081 3312 trans·

437 3347 745 3422 ponatur,
816 3348 953 3407 tres
1017 3349 1234 3408 autem
1289 3363 1518 3410 versus
1583 3344 1694 3424 qui
1749 3351 2105 3425 sequuntur
2162 3354 2421 3412 23—25
2482 3347 2846 3427 eiiciantur,
2926 3368 3064 3414 cum
3145 3369 3262 3430 per
3317 3349 3880 3432 interpolationem
3941 3356 4079 3419 nati

439 3457 684 3513 rectum
731 3467 1030 3514 versuum
1079 3449 1367 3515 ordinem
1414 3453 1695 3516 turbent.

758 3555 883 3619 His
930 3557 1302 3622 constitutis
1350 3559 1699 3624 orationem
1746 3558 1839 3624 sic
1884 3557 2089 3641 igitur
2134 3560 2480 3642 procedere
2526 3562 2878 3628 credimus:

1291 3663 1465 3724 λιπὼν
1512 3665 1573 3725 δέ
1623 3665 1818 3726 Λυδῶν
1866 3668 1968 3735 τοὶς
2014 3667 2400 3753 πολυχρύσους
2446 3670 2586 3750 ῑύας

1297 3767 1535 3855 Φρυγῶν
1582 3791 1643 3832 τε
1690 3769 1934 3858 Περσῶν
1979 3772 2361 3858 ἡλιοβλήτους
2407 3776 2631 3846 πλάκας

1298 3874 1541 3962 Βάκτριά
1588 3898 1650 3940 τε
1700 3882 1859 3964 τείχη
1908 3883 2012 3963 τήν
2059 3901 2120 3941 τε
2167 3879 2470 3967 δύσχειμον
2516 3885 2701 3968 χθόνα

1296 3981 1517 4068 Μήδων
1565 3984 1827 4047 ἐπελθὼν
1866 3984 2127 4073 Ἀραβίαν
2175 3987 2534 4069 τέύδαίμονα

1288 4087 1475 4153 Ἀσίαν
1522 4113 1585 4154 τε
1634 4102 1835 4168 πᾶσαν,
1884 4097 1921 4179 ἢ
1970 4097 2078 4180 παῤ
2127 4095 2386 4181 ἁλμυρὰν
2433 4098 2547 4158 ἅλα

1293 4206 1489 4270 κεῖται,
1539 4207 1756 4281 μιγάσιν
1786 4200 2035 4285 Ἕλλησι
2083 4199 2386 4288 βαρβάροις
2434 4204 2641 4284 θ’ὂμού

1292 4304 1523 4390 πλήρεις
1570 4304 1785 4389 ἔχουσα
1833 4306 2327 4393 καλλιπυρῖιὲπους
2373 4310 2583 4384 πόλεις,

1295 4414 1457 4473 κάκεῖ.
1503 4412 1783 4497 χορεύσας
1830 4413 1921 4473 καὶ
1969 4418 2337 4498 καταστήσας
2387 4415 2534 4496 ἐμάς

1289 4518 1549 4588 τελετάς,
1596 4520 1665 4578 ἶν’
1717 4521 1839 4604 εἴην
1886 4519 2146 4604 ἐμφανὴς
2192 4521 2408 4601 δαίμων
2457 4521 2695 4608 βροτοῖς,

1290 4624 1370 4690 εἰς
1418 4623 1582 4706 τήνδε
1628 4631 1850 4711 πρῶτον
1895 4626 2083 4710 ἦλθον
2117 4625 2430 4710 Ἐλλήνων
2475 4629 2632 4690 πολιν

1290 4729 1407 4791 ἐπεὶ
1454 4719 1763 4817 μὀἱδελφαὶ
1810 4733 2045 4819 μητρὸς,
2095 4736 2162 4803 ἃς
2211 4736 2394 4818 ἥκιστ’
2444 4735 2619 4822 ἐχρῆν

1288 4837 1550 4899 Διόνυσον
1596 4840 1698 4901 ούκ
1746 4841 1997 4927 ἔφασκον
2044 4843 2274 4928 ἐκφῦναι
2322 4844 2448 4912 Διὸς
