4542 5659
2116 352 2243 419 XV

684 572 1011 659 Quomodo
1043 573 1457 639 Hermannus
1504 569 1869 653 digesserit,
1919 587 2033 652 pro
2082 572 2257 634 certo
2290 566 2501 634 dicere
2547 585 2648 632 me
2692 586 2820 633 11011
2867 586 3055 650 posse
3086 566 3284 648 dole0,
3336 586 3476 633 cum
3520 567 3680 634 haec
3711 567 4000 636 scribens

365 685 537 752 illius
601 682 949 749 editionem
1014 697 1141 746 non
1204 677 1335 744 iam
1389 677 1459 744 in
1504 676 1800 743 manibus
1856 676 2147 742 habeam.
2246 674 2547 741 Omnium
2604 679 2821 740 autem
2880 674 3135 762 illarum
3180 671 3629 756 partitionum,
3678 680 3753 740 ut
3797 675 4000 742 libere

364 791 604 870 dicam,
678 787 833 854 mihi
897 786 1074 854 nulla
1136 786 1379 868 placet,
1448 803 1588 850 cum
1650 801 1952 850 numerus
2018 782 2425 865 rhythmicus
2490 781 2834 864 praecipue
2888 782 2956 847 in
3010 781 3236 847 ultimo
3299 801 3495 848 versu
3540 782 3701 848 meis
3745 783 4001 863 quidem

364 898 635 964 auribus
678 914 805 962 non
850 896 1013 961 bene
1059 892 1311 959 turbari
1356 890 1677 970 videatur,
1726 889 2040 971 siquidem
2084 894 2234 971 post
2279 892 2417 955 tam
2460 888 2718 971 longam
2767 888 3002 956 seriam
3041 888 3398 971 J‘onicorum
3442 907 3744 955 versuum
3790 892 4001 957 subito

364 1004 629 1071 ultimus
676 1002 981 1085 strophae
1024 1017 1254 1068 versus
1297 998 1493 1080 plane
1537 1002 1785 1063 mutato
1831 1016 2094 1063 numero
2139 995 2511 1080 logaoedico
2556 994 2804 1078 incipit.
2898 996 3171 1062 Rectius
3216 997 3280 1063 11.
3324 997 3367 1063 1.
3461 996 3810 1081 Elmslejus
3857 1017 4001 1064 sen-

365 1112 528 1178 sisse
573 1109 860 1190 videtur,
923 1106 1049 1174 etsi
1107 1106 1477 1189 plerumque
1533 1104 1722 1189 hujus
1778 1104 1906 1171 viri
1960 1104 2225 1170 metrico
2263 1103 2506 1187 judicio
2565 1103 2776 1169 minus
2822 1102 3142 1170 confidere
3206 1122 3566 1186 possumus.
3653 1104 4003 1188 Elmslejus

364 1217 666 1300 digessit:
1308 1221 1316 1226 '

1224 1317 1479 1407 Φρυγίων
1527 1307 1595 1390 ἐξ
1646 1319 1823 1405 ὁρέων
1859 1315 2002 1380 Ἑλ·
2419 1350 3129 1369 --------

1219 1425 1398 1497 λάδος
1446 1427 1526 1496 εἰς
1574 1423 1914 1511 εὐρυχόρους
2417 1454 3036 1475 -------

1224 1535 1429 1616 ἀγυίας·
1466 1532 1561 1593 τὸν
1607 1529 1849 1618 Βρόμιον
2242 1561 2251 1568 ·
2411 1562 3033 1582 -------

1054 1645 1186 1706 ant.
1239 1644 1559 1726 στεφάνοις,
1608 1639 1773 1701 ἐνθεν
1821 1641 1996 1726 ἄγραν
2044 1640 2180 1726 θυρ-

1230 1749 1459 1832 σοφόροε
1506 1742 1799 1816 Μαινάδες
1844 1748 1952 1828 άμ-

1221 1852 1593 1940 φιβάλλονταε
1636 1852 1969 1935 πλοκάμοις.

688 1963 1017 2028 Habemus
1063 1960 1266 2043 igitur
1309 1960 1377 2026 in
1423 1958 1775 2042 penultimo
1821 1977 2017 2025 versu
2055 1960 2102 2025 J
2104 1960 2358 2025 onie-um
2403 1978 2445 2025 a
2489 1958 2737 2038 minori,
2789 1966 3097 2039 sequente
3145 1963 3517 2042 anapaestO,
3567 1964 3641 2025 ut
3687 1958 3753 2025 in
3799 1959 4007 2041 prima

372 2072 639 2154 stropha
683 2071 1145 2136 habueramus:

1224 2174 1371 2262 ἱερὸν
1419 2173 1671 2254 Τμῶλον
1720 2176 1962 2259 ἁμείψα-
2421 2204 3130 2224 --------

1226 2303 1301 2344 σα
1345 2281 1557 2350 θοάζω
1606 2279 1832 2367 Βρομίῳ
1882 2311 2729 2342 ........
2768 2267 2773 2274 ’
2821 2313 2861 2330 υ
2911 2311 2952 2331 υ
2991 2318 3040 2325 —-

1039 2393 1173 2456 ant.
1225 2388 1537 2475 μελάθροις
1584 2387 1820 2456 ἔκτοπος
1866 2388 2015 2450 ἔστω

1227 2497 1413 2576 στόμα
1459 2492 1498 2555 τ’
1555 2494 1815 2580 εὔφημον
1860 2497 2007 2565 ἄπας
2056 2542 2069 2556 .
2123 2542 2136 2555 .
2190 2542 2203 2556 .
2255 2541 2269 2555 .

692 2600 975 2670 Ultimus
1042 2605 1260 2668 autem
1328 2621 1559 2667 versus
1628 2601 1933 2667 facillime
1999 2601 2156 2668 mihi
2220 2601 2529 2683 explicari
2595 2619 2781 2683 posse
2849 2600 3111 2667 vldetur
3175 2599 3272 2667 ita
3338 2607 3413 2667 ut
3468 2601 3802 2668 bacchium
3864 2621 4004 2669 cum

373 2710 739 2776 choriambo
786 2709 1194 2792 conjunctum
1243 2727 1387 2775 esse
1425 2708 1783 2791 jubeamus,
1876 2709 2017 2774 Hoc
2069 2708 2254 2774 modo
2312 2708 2672 2790 partientes
2730 2707 2927 2773 etiam
2975 2708 3289 2775 Boeckhii
3335 2707 3674 2791 partitioni
3719 2708 4007 2791 proxime

371 2817 744 2883 accedemus
761 2867 776 2895 ,
827 2814 1079 2881 evitata
1126 2815 1313 2881 simul
1360 2816 1635 2884 molesta
1680 2834 1983 2882 versuum
2028 2815 2453 2899 longitudine.

692 2923 997 3003 Sequitur
1062 2922 1187 2987 iam
1236 2907 1668 3008 tertium‘par
1714 2923 2142 3004 stropharum,
2193 2923 2259 2988 in
2308 2941 2432 3003 quo
2481 2923 2711 2988 chorus
2743 2922 3084 2988 Thebanos
3131 2921 3434 2992 hortatur
3477 2926 3552 2989 ut
3598 2924 3839 2989 cultum
3881 2922 4007 2989 Dei

371 3031 497 3097 rite
542 3029 894 3103 instituant
943 3029 1258 3111 simulque
1303 3030 1545 3095 musica
1591 3030 2023 3096 instrumenta
2067 3029 2133 3094 in
2183 3049 2257 3095 eo
2304 3029 2668 3095 adhibenda
2713 3034 3181 3094 commemorat.

699 3136 794 3220 „O
827 3137 1108 3216 Thebae,
1160 3137 1446 3203 nutrices
1496 3137 1798 3217 Semeles,
1849 3137 2239 3202 coronamini
2285 3136 2544 3216 hedera,
2593 3136 2838 3216 florete,
2887 3135 3112 3202 florete
3157 3135 3350 3203 viridi
3397 3135 3662 3202 smilace
3709 3137 4010 3218 pulchros

370 3243 622 3310 fructus
676 3243 927 3310 ferente
973 3249 1040 3309 et
1086 3243 1173 3309 ad
1218 3243 1458 3310 Bacchi
1522 3244 1828 3314 honorem
1885 3263 2156 3325 quercus
2219 3245 2327 3310 vel
2383 3243 2615 3309 abietis
2672 3243 3005 3310 frondibus
3052 3243 3368 3310 ornamini
3428 3249 3497 3308 et
3542 3244 4009 3314 maculosamm

372 3350 747 3417 indumenta
792 3351 1050 3433 pellium
1099 3350 1505 3418 cervinarum
1553 3351 1889 3433 variegate
1940 3351 2357 3417 candidorum
2403 3349 2772 3432 capillorum
2817 3350 3138 3432 penicillis
3185 3349 3448 3417 insertis
3495 3354 3563 3416 et
3609 3355 3831 3416 sancto
3878 3352 4010 3416 ritu

372 3462 715 3539 protervas
763 3456 1009 3523 ferulas
1056 3456 1308 3524 sumite.
1403 3459 1555 3524 Mox
1603 3458 1806 3524 omnis
1853 3459 2164 3524 Thebana
2208 3462 2388 3523 terra
2417 3457 2743 3523 Bromium
2789 3456 3091 3539 tripudiis
3139 3457 3512 3537 celebrabit,
3563 3476 3706 3523 cum
3735 3456 4010 3540 primum

374 3563 619 3627 thiasos
690 3563 869 3629 ducit
916 3564 983 3629 in
1047 3570 1357 3644 montem,
1418 3564 1486 3631 in
1549 3569 1857 3644 montem,
1925 3564 2036 3630 ubi
2092 3564 2421 3630 muliebris
2485 3566 2676 3630 turba
2733 3569 2969 3644 manet,
3031 3564 3110 3629 de
3157 3563 3307 3629 telis
3354 3570 3420 3630 et
3464 3564 3761 3630 textoriis
3809 3564 4011 3632 radiis

372 3670 637 3735 turbata
682 3687 723 3733 a
768 3669 1041 3735 Baccho,
1138 3671 1192 3736 O
1240 3673 1458 3753 patria
1505 3672 1809 3737 Curetum
1856 3677 1923 3736 et
1977 3670 2200 3737 divina
2247 3671 2478 3737 Cretae
2525 3670 2854 3751 natalitia,
2904 3672 2951 3737 J
2954 3671 3093 3738 ovis
3140 3670 3487 3748 domicilia,
3538 3671 3647 3736 ubi
3694 3671 4008 3753 triplicem

375 3777 627 3857 galeam
670 3781 1006 3857 gestantes
1048 3776 1117 3842 in
1164 3778 1372 3843 antris
1405 3779 1804 3861 Corybantes
1849 3779 2019 3844 hunc
2051 3778 2344 3861 tympani
2392 3778 2734 3844 rotundum
2782 3779 2994 3844 orbem
3044 3778 3213 3844 corio
3260 3777 3580 3843 intentum
3626 3777 4014 3859 invenerunt

373 3882 559 3962 eique
605 3881 989 3948 Bacchicum
1035 3884 1517 3950 admiscuerunt
1562 3885 1788 3951 flatum
1836 3885 2021 3951 dulce
2069 3886 2432 3951 sonantium
2464 3885 2894 3969 Phrygiarum
2942 3885 3246 3951 tibiarum
3293 3890 3362 3950 et
3406 3883 3475 3952 in
3520 3885 3746 3950 matris
3789 3885 4011 3949 Rheae

370 4008 599 4056 manus
646 3989 806 4055 illud
854 3996 1235 4072 posuerunt,
1286 3992 1628 4074 strepitum
1678 4012 2022 4059 consonum
2069 3993 2470 4058 Baccharum
2516 3991 2810 4074 clamori3
2862 4011 2904 4057 a
2949 3997 3155 4058 matre
3201 3998 3420 4058 autem
3465 3991 3756 4058 furentes
3802 3990 4012 4074 satyri

374 4093 537 4160 illud
584 4094 1003 4163 obtinuerunt
1049 4102 1115 4162 et
1161 4099 1245 4162 ad
1292 4100 1559 4164 choreas
1606 4099 2037 4168 Trieteridum
2084 4098 2539 4179 adhibuerunt,
2597 4099 2828 4180 quibus
2875 4100 3168 4165 Bacchus
3214 4099 3638 4165 delectatur.“

695 4202 891 4267 Haud
955 4204 1255 4286 exiguam
1310 4203 1759 4272 difficultatem
1821 4208 2138 4289 praebent
2181 4207 2384 4271 verba
2446 4225 2508 4272 v.
2564 4213 2688 4271 126
2739 4226 2854 4287 sq.,
2917 4225 3082 4287 quae
3127 4207 3195 4271 in
3240 4206 3426 4272 hbris
3473 4206 3661 4270 valde
3708 4209 4013 4287 corrupta

373 4306 722 4372 traduntur
766 4307 863 4373 ita
908 4311 1017 4370 ἀνά
1062 4310 1124 4373 ’δέ
1174 4310 1414 4397 βακχεία
1462 4316 1710 4397 συντόνῳ
1766 4316 2012 4399 κέρασαν
2072 4311 2293 4398 ἡδυβόα
2339 4310 2594 4400 Φρυγίων
2660 4312 2854 4374 αὐλῶν
2899 4314 3201 4394 πνεύματι,
3260 4313 3494 4393 quibus
3558 4312 3775 4378 Verbis
3832 4310 4012 4378 Vario

373 4412 561 4479 modo
610 4412 735 4478 viri
768 4414 943 4480 docti
974 4416 1284 4483 medelam
1317 4417 1558 4484 inferre
1605 4419 1821 4485 conati
1866 4425 2035 4499 sunt,
2087 4424 2283 4500 atque
2330 4418 2553 4489 dubito
2610 4439 2763 4486 num
2810 4419 3063 4486 omnino
3111 4419 3330 4486 sanari
3375 4418 3583 4502 possit
3627 4420 4008 4501 corruptela.

379 4518 621 4585 Sensus
667 4526 893 4603 aperte
939 4530 1041 4588 est
1087 4542 1227 4590 cum
1260 4525 1510 4592 Cretico
1543 4532 1866 4610 tympan0‚
1916 4545 1958 4591 a
2000 4527 2472 4610 Coiybantibus
2519 4533 2587 4592 et
2619 4525 2874 4592 Curetis
2921 4527 3364 4593 sacerdotibus
3412 4526 3681 4608 Cybeles
3729 4526 4009 4604 invento,

376 4625 731 4707 Phrygiam
762 4629 981 4694 tubam
1027 4631 1429 4698 coniunctam
1462 4652 1606 4699 esse
1629 4634 1713 4698 ad
1744 4634 2049 4699 musicam
2072 4635 2210 4701 Deo
2236 4634 2500 4716 dignam
2526 4633 2917 4716 pariendam,
2947 4633 3010 4699 id
3044 4634 3214 4714 quod
3238 4634 3428 4716 paulo
3453 4639 3601 4715 post
3623 4633 3713 4716 (v.
3741 4641 3861 4698 157
3888 4633 4013 4717 so.)

374 4730 476 4796 his
522 4733 738 4798 verbis
786 4735 1196 4818 exprimitur:
1248 4735 1497 4819 μέλπετε
1544 4740 1640 4801 τὸν
1687 4740 1950 4802 Διόνυσον
1999 4740 2376 4828 βαρυβρόμων
2424 4740 2525 4802 ὑπὸ
2572 4746 2895 4821 τυμπάνων,
2947 4789 2960 4802 .
3011 4789 3025 4802 .
3085 4789 3098 4801 .
3149 4740 3210 4802 ἐν
3257 4739 3517 4827 Φρυγίαις
3566 4739 3724 4824 βοαῖς
3772 4741 4016 4803 ἐνοπαῑσῑ

375 4858 474 4913 τε,
530 4838 719 4910 λωτὸς
777 4842 913 4903 ὅταν
970 4842 1282 4915 εὐκέλαδος
1329 4845 1474 4932 ἱερὸς
1523 4845 1644 4933 ἱερά
1690 4849 1977 4930 παίγματα
2027 4846 2231 4933 βρέμῃ.
2327 4847 2741 4934 (Schoeniusz
2808 4848 2951 4932 „die
2997 4848 3420 4930 Verbindung
3465 4867 3589 4913 von
3635 4847 3828 4913 Flete
3882 4848 4016 4914 und
