4542 5659
2117 389 2293 455 XIII

382 609 664 677 venusta
710 628 919 690 neque
966 607 1221 689 poetica
1267 607 1372 685 sit,
1423 607 1479 672 si
1524 607 1734 691 λοχίοις
1780 604 2073 686 θαλάμοις
2122 622 2237 687 pro
2285 603 2526 669 femore
2575 601 2846 668 dicatur.
2944 603 3345 685 Quamquam
3378 605 3456 670 de
3487 609 3835 671 venustate
3879 604 4034 671 ima-

384 718 605 800 ginum
652 714 964 797 imprimis
994 715 1061 780 in
1093 715 1285 779 rebus
1317 712 1401 778 ad
1432 714 1754 780 Venerem
1802 716 1870 778 et
1917 712 2005 778 ad
2050 711 2398 777 liberorum
2445 710 2959 792 procreationem
3009 711 3487 792 pertinentibus
3532 715 3791 779 veteres
3839 713 4034 780 aliter

382 843 461 890 ac
506 842 622 888 nos
672 822 948 892 sensisse
997 819 1402 887 notissimum
1449 826 1570 886 est.

707 930 999 994 Probant
1052 928 1256 1010 igitur
1308 927 1378 993 hi
1425 927 1549 993 viri
1607 925 1781 992 docti
1837 926 2271 1009 conjecturam
2334 942 2524 1006 quam
2572 924 2722 990 olim
2767 923 3145 991 Fridericus
3192 925 3240 991 J
3242 926 3540 992 acobsius
3585 925 3741 993 fecit
3787 928 3854 993 in
3899 927 4036 992 aui-

386 1036 707 1102 madverS.
766 1035 833 1101 in
878 1034 1257 1116 Euripidem
1316 1053 1378 1116 p.
1428 1039 1572 1114 107,
1632 1033 1740 1115 qui
1788 1052 1902 1115 pro
1947 1033 2166 1118 λοχίαις
2208 1032 2505 1112 θαλάμαις
2559 1032 2692 1115 legi
2739 1032 3033 1098 voluerat
3097 1031 3313 1117 λοχίαις
3358 1033 3649 1114 παλάμαις
3701 1033 4036 1117 „manibus

387 1142 784 1209 obstetriciis
814 1141 1080 1224 Jupiter
1127 1160 1268 1207 eum
1317 1141 1385 1206 in
1431 1138 1788 1207 custodiam
1834 1159 2017 1233 suam
2062 1139 2328 1221 recepit.
2341 1139 2370 1170 “
2469 1139 2786 1220 Equidem
2829 1140 2999 1205 hanc
3030 1139 3479 1222 conjecturam,
3530 1139 3656 1206 etsi
3701 1141 4038 1223 ingeniosa

387 1255 508 1330 est,
559 1252 833 1333 probare
879 1268 1006 1315 non
1051 1267 1329 1330 possum,
1379 1247 1652 1330 primum
1701 1248 1871 1313 enim
1918 1266 2145 1314 manus
2189 1248 2253 1314 h.
2303 1247 2346 1314 l.
2395 1246 2558 1314 nihil
2605 1248 2690 1312 ad
2737 1265 2871 1312 rem
2917 1246 3181 1324 faciunt,
3231 1251 3575 1329 praeterea
3619 1253 3835 1314 autem
3884 1246 4038 1329 quid

391 1358 515 1423 sibi
561 1357 768 1423 velint
826 1362 1052 1421 manus
1109 1355 1525 1422 obstetriciae
1582 1373 1710 1420 non
1757 1354 2087 1436 intelleg0,
2139 1358 2207 1420 et
2252 1358 2462 1420 totum
2509 1353 2627 1419 hoc
2673 1353 3079 1419 enuntiatum
3127 1355 3318 1420 valde
3363 1355 3670 1438 languide
3719 1359 3787 1420 et
3832 1354 4038 1421 otiose

395 1463 633 1528 dictum
688 1482 835 1528 esse
880 1461 1161 1528 videtur.
1255 1462 1487 1542 Itaque
1537 1479 1658 1542 ego
1704 1465 1861 1543 puto
1910 1460 1976 1526 iu
2022 1459 2271 1526 tradita
2317 1460 2596 1526 lectione
2644 1460 3180 1541 acquiescendum
3228 1479 3402 1540 esse,
3463 1461 3578 1528 sed
3631 1462 3791 1528 haec
3835 1462 4038 1530 verba

390 1570 605 1655 λοχίοις
652 1570 939 1650 θαλάμοις
986 1588 1113 1635 11011
1159 1569 1239 1635 de
1286 1566 1526 1634 femore
1572 1567 1791 1648 Jovis,
1854 1568 1971 1634 sed
2017 1568 2098 1633 de
2147 1568 2437 1633 cubiculo
2483 1587 2797 1649 puerpero
2844 1568 2952 1634 vel
2998 1566 3078 1633 de
3123 1566 3314 1635 Jovis
3360 1569 3502 1650 ipsa
3548 1570 3733 1634 domo
3779 1568 4034 1635 intelle-

394 1675 611 1758 genda
659 1695 823 1745 esse.
919 1676 1104 1759 Quod
1150 1674 1207 1742 si
1255 1675 1620 1756 statuimus,
1671 1676 1960 1741 evitatur
2004 1675 2118 1742 illa
2164 1677 2440 1741 molesta
2485 1675 2794 1756 repetitio
2841 1673 3132 1741 eiusdem
3177 1674 3455 1742 notionis
3502 1681 3572 1741 et
3618 1677 3826 1742 oratio
3873 1678 4038 1743 bene

390 1782 700 1864 procedit.
802 1784 1002 1864 „Post
1050 1783 1335 1848 Semeles
1382 1787 1653 1848 mortem
1698 1782 1964 1864 Jupiter
2019 1781 2223 1848 fetum
2279 1782 2558 1849 nondum
2606 1790 2924 1848 maturum
2987 1782 3053 1847 in
3108 1781 3362 1849 domum
3408 1802 3586 1849 suam
3635 1783 4040 1867 coniugalem

391 1889 643 1971 recepit
691 1895 759 1955 et
805 1890 870 1956 in
918 1889 1160 1956 femore
1207 1909 1322 1956 suo
1369 1890 1761 1955 occultatum
1809 1907 2010 1955 aurea
2054 1889 2253 1955 fibula
2300 1889 2566 1956 inclusit
2613 1891 2778 1956 clam
2825 1890 2871 1956 J
2875 1889 3147 1956 11110118.ιι

710 1997 807 2062 Ne
878 1997 1022 2077 quis
1092 1995 1377 2062 offendat
1444 1996 1513 2062 in
1581 2015 1641 2062 v.
1714 1996 1923 2081 λοχὲοιε
1992 2003 2140 2077 post
2208 1998 2408 2062 breve
2489 1998 2902 2063 intervallum
2968 1997 3070 2062 bis
3139 1997 3349 2078 posito
3430 1996 3676 2083 (λοχίαις
3750 2000 4039 2080 ἀνάγκαις.

390 2104 601 2188 λοχίοις
648 2101 965 2188 θαλάμοις)
1014 2109 1269 2168 tantum
1315 2102 1381 2169 id
1429 2122 1845 2169 commemoro
1893 2105 2094 2169 talem
2141 2103 2596 2186 repetitionem
2643 2104 2929 2170 eiusdem
2975 2103 3154 2170 vocis
3201 2123 3330 2170 non
3375 2105 3576 2171 solum
3635 2104 3804 2188 apud
3851 2105 4042 2171 Euri·

391 2209 623 2292 pidem,
676 2210 793 2275 sed
824 2210 1022 2275 etiam
1055 2211 1228 2291 apud
1260 2217 1511 2276 ceteros
1543 2211 1830 2292 tragicos
1864 2211 2123 2292 saepius
2155 2210 2452 2277 inveniri.
2549 2211 2880 2277 Habemus
2913 2210 3190 2293 exempli
3222 2212 3438 2294 gratia
3483 2212 3553 2278 in
3597 2213 3716 2278 hoc
3760 2213 4041 2279 carmine

392 2317 623 2401 χθόνιος
686 2335 795 2384 vv.
866 2323 991 2382 538
1052 2322 1119 2382 et
1179 2323 1325 2396 541,
1399 2321 1587 2402 φόνιος
1658 2320 1806 2396 543,
1881 2324 2038 2399 5553
2112 2317 2403 2378 ὁσιοῦσθαι
2471 2323 2552 2383 70
2620 2323 2688 2383 et
2739 2324 2883 2384 114.
2996 2319 3360 2401 Aeschylus
3419 2320 3682 2402 scripsit
3727 2319 4036 2406 πάνδυρτος

398 2422 589 2488 Pers,
644 2429 790 2503 940,
843 2429 1003 2506 9443
1052 2422 1281 2506 γοεῧνός
1332 2429 1522 2504 1016,
1561 2430 1751 2516 1026,
1801 2423 2163 2509 ναύφρακτος
2209 2433 2356 2503 899,
2410 2431 2558 2491 999.
2654 2426 2731 2490 111
2779 2444 2974 2492 versu
3025 2433 3149 2492 102
3202 2426 3644 2492 Weckleinius
3690 2446 3804 2508 pro
3849 2427 4041 2493 libro-

394 2548 534 2595 rum
582 2530 931 2616 θηροτρόιροι
977 2532 1084 2596 Vel
1132 2531 1473 2618 θυρσοφόροι
1520 2530 1782 2612 scripsit
1813 2549 2021 2596 accus,
2058 2533 2439 2617 θηροτρόφον.
2489 2550 2673 2612 quem
2722 2550 2860 2596 cum
2911 2534 3087 2618 ἄγραν
3134 2532 3300 2595 ἔνθεν
3346 2533 3680 2615 coniungit
3722 2539 3788 2599 et
3835 2539 4042 2600 totum

395 2635 802 2702 enuntiatum
850 2637 946 2702 ita
977 2637 1288 2719 explicat:
1340 2638 1505 2700 ἐνθεν
1552 2635 1782 2700 ἑλοῦσαι
1812 2639 2012 2723 θηρῶν
2058 2638 2295 2724 τροφὴν,
2344 2637 2590 2704 addens
2638 2643 2976 2719 serpentes
3024 2659 3065 2704 a
3096 2640 3349 2706 Baccho
3394 2640 3722 2707 desumtos
3768 2641 3836 2707 in
3881 2640 4041 2723 ipsis

394 2743 797 2808 Baccharum
844 2744 1217 2826 corporibus
1264 2764 1636 2810 accrescere
1684 2743 1882 2826 („Die
1928 2763 2071 2810 vom
2107 2745 2357 2827 Dionys
2404 2764 2823 2828 genommene
2856 2746 3379 2829 Schlangenbrut
3412 2749 3666 2816 wachst
3695 2753 4041 2830 angesetzt

396 2869 481 2915 an
513 2850 709 2916 ihnen
742 2849 966 2935 fort“).
1046 2851 1295 2917 Vereor
1325 2857 1399 2917 ut
1430 2858 1606 2917 recte
1638 2851 2005 2934 scripserit;
2054 2852 2244 2918 nimis
2278 2852 2448 2918 enim
2481 2852 2830 2918 artificiosa
2860 2853 3123 2919 videtur
3153 2854 3268 2920 illa
3315 2855 3659 2936 explicatio
3707 2863 3776 2921 et
3820 2856 4041 2922 dubito

395 2975 547 3021 num
613 2962 789 3022 recte
847 2957 1149 3044 coniungi
1216 2959 1422 3040 possit
1486 2961 1630 3045 ἄγρα
1676 2958 2039 3045 θηροτρόφος
2086 2978 2201 3041 pro
2249 2962 2394 3045 ἄγρα
2441 2961 2642 3045 θηριῖ1ν
2699 2960 2805 3025 vel
2851 2963 2995 3046 ἄγρα
3042 2961 3103 3023 ἐν
3147 2961 3188 3045 ᾖ
3231 2963 3417 3047 θῆρες
3463 2964 3775 3048 τρέφονται.
3873 2962 4042 3030 Sane

396 3063 762 3149 θηροτρόφος
827 3063 1067 3130 dicitur
1129 3062 1295 3127 Χοσα
1363 3085 1424 3132 v.
1497 3074 1654 3146 5573
1728 3066 1843 3131 sed
1901 3065 1988 3132 ibi
2055 3066 2215 3132 nihil
2278 3066 2456 3132 aliud
2522 3067 2850 3148 significat
2905 3087 2982 3133 ac
3039 3068 3214 3134 feras
3270 3069 3561 3151 parienS‚
3631 3069 4042 3152 serpentibus

397 3170 755 3239 abundans,
850 3172 1081 3254 Itaque
1130 3173 1197 3238 in
1246 3173 1606 3239 Hermanni
1647 3173 2189 3253 interpretatione
2238 3173 2771 3254 acquiescendum
2813 3179 2988 3257 puto,
3038 3176 3148 3256 qui
3180 3175 3338 3240 dicit
3370 3175 3536 3238 ἐνθεν
3567 3176 3652 3241 ad
3698 3176 4043 3242 dracontas

398 3277 840 3358 referendum,
914 3282 1089 3366 ἄγραν
1135 3285 1353 3345 autem
1398 3279 1759 3362 praedicati
1805 3281 1944 3346 loco
2001 3280 2494 3363 intelligendum
2554 3301 2697 3347 esse
2757 3286 2825 3347 et
2891 3287 3098 3348 totum
3146 3282 3242 3348 ita
3288 3282 3602 3364 explicat:
3676 3283 3885 3366 „unde
3934 3302 4043 3348 eos

402 3391 630 3465 captos
677 3386 1032 3451 Maenades
1079 3386 1362 3452 crinibus
1426 3387 1827 3457 innectunt.“
1944 3386 2150 3453 Recte
2205 3388 2406 3453 etiam
2451 3388 2676 3455 Elmsl.
2728 3388 2906 3469 dicit,
2969 3391 3145 3475 ἄγραν
3193 3394 3416 3472 captos
3463 3395 3799 3471 serpentes
3843 3389 4043 3456 inter-

398 3490 645 3570 pretari
691 3491 1073 3560 Brodaeum.
1168 3494 1393 3574 Neque
1456 3494 1785 3559 meliorem
1830 3494 2436 3576 interpretationem
2481 3497 2773 3578 proferre
2822 3516 3101 3578 possum.
3195 3495 3403 3563 Aldus
3459 3498 3622 3578 legit
3675 3498 4043 3583 θηροτρόφοι,

407 3596 576 3676 quod
624 3597 960 3663 Brodaeus
1006 3606 1222 3665 monet
1270 3599 1634 3683 significare
1685 3602 2016 3687 ὀφιοτροψοι.
2111 3601 2393 3668 Defendi
2441 3608 2660 3684 posset
2708 3605 3083 3689 θηροτροψοι.
3132 3602 3188 3670 si
3235 3623 3394 3686 opus
3441 3607 3647 3683 esset,
3695 3604 3803 3669 vel
3849 3604 4042 3669 etiam

402 3703 597 3789 θηροφ
611 3706 725 3788 όροι
770 3704 875 3769 vel
922 3705 1251 3790 θηροφόνοι.
1347 3706 1478 3772 Sed
1524 3711 1700 3772 recte
1730 3707 2043 3773 Laureut.
2094 3709 2295 3774 habet
2349 3711 2691 3796 θυρεοφόροι
2739 3711 2908 3790 quod
2952 3710 3260 3776 reiectum
3308 3730 3349 3776 a
3381 3710 3760 3792 Musgravio
3808 3730 3844 3776 e
3889 3730 4041 3777 11188.

400 3810 611 3875 Paris.
646 3810 908 3876 admisit
939 3813 1322 3893 Brunckius,
1374 3813 1612 3879 Noster
1642 3813 1819 3895 Cycl.
1858 3821 1938 3879 63
1985 3814 2169 3881 dicit:
2220 3814 2286 3876 οὐ
2319 3815 2453 3878 τάδε
2485 3813 2743 3902 Βρόμιος.
2793 3817 2858 3878 οὐ
2889 3817 3025 3879 τάδε
3073 3820 3248 3904 χοροί,
3300 3815 3521 3903 Βάκχαι
3569 3837 3632 3879 τε
3679 3817 4041 3904 θυρσοφόροι.

398 3916 683 3982 Verbum
730 3917 1103 4005 θυρῦοφορεῖν
1152 3926 1336 3986 extat
1380 3940 1442 3988 V.
1483 3927 1639 3986 557:
1690 3923 1819 3982 πόθι
1866 3918 2064 3992 Νύσας
2112 3931 2216 3992 τᾶς
2261 3923 2625 4010 θηροτρόφου
2672 3925 3049 4010 θυρσοφορεῖς
3095 3924 3352 3995 θιάσους.

723 4025 1090 4091 Boeckhius
1137 4026 1208 4092 in
1252 4028 1415 4093 libro
1464 4029 1544 4095 de
1587 4047 1683 4112 gr.
1720 4033 1806 4093 tr.
1856 4028 2254 4110 principibus
2302 4031 2649 4096 secundum
2698 4050 2879 4096 suam
2927 4032 3007 4096 de
3052 4031 3340 4096 metricis
3387 4032 3581 4097 rebus
3628 4030 4043 4108 sententiam,

401 4147 527 4208 qua
598 4131 923 4213 longiores
992 4152 1223 4200 versus
1291 4136 1578 4216 amabat,
1668 4155 1896 4203 versus
1977 4143 2057 4201 78
2127 4156 2220 4217 sq.
2290 4138 2384 4203 ita
2453 4136 2755 4221 digessit,
2828 4143 2901 4203 ut
2971 4136 3134 4203 duas
3201 4138 3585 4203 haberemus
3656 4136 4044 4220 decapodias

401 4235 447 4301 J
450 4237 771 4303 onicorum
819 4257 857 4302 a
904 4241 1176 4307 minore:

1257 4347 1349 4410 Τά
1396 4370 1459 4411 τε
1508 4350 1725 4436 ματρὸς
1772 4352 2031 4433 μεγάλας
2062 4347 2259 4437 Ὄργια
2310 4349 2594 4436 Κυβέλης
2641 4351 2958 4431 θεμιτεύων

1261 4457 1370 4516 ἀνά
1415 4457 1629 4543 θύρσον
1676 4479 1739 4520 τε
1787 4465 2065 4519 τινάσσων
2113 4460 2290 4543 κισσῷ
2337 4479 2400 4521 τε
2449 4458 2840 4543 στεφανωθεὶς

1269 4562 1533 4625 Διόνυσον
1580 4565 1897 4651 θεραπεύει.

1245 4666 1355 4733 Ἴτε
1406 4668 1646 4757 Βάκχαι,
1692 4674 1776 4735 ἴτε
1827 4670 2066 4759 Βάκχαι.
2118 4671 2357 4760 Βρόμιον
2403 4673 2572 4736 παῖδα
2619 4674 2756 4736 θεὸν
2804 4676 2944 4736 θεοῦ

1263 4778 1527 4840 Διόνυσον
1575 4785 1919 4862 κατάγουσαι
1965 4777 2221 4866 Φρυγίων
2268 4769 2337 4852 ἐξ
2388 4781 2564 4867 ὁρέων
2602 4779 2735 4843 Ἑλ-

1260 4884 1438 4955 λάδος
1487 4887 1569 4955 εἰς
1615 4885 1954 4973 εὐρυχόρους
2000 4889 2194 4968 ἀγυίας
2240 4886 2338 4948 τὸν
2387 4885 2626 4974 Βρόμιον
