4542 5659
2282 335 2350 401 X

819 549 911 615 Ut
956 566 1038 614 ne
1080 547 1231 629 quid
1266 548 1573 626 omitt-am,
1624 547 1835 614 obiter
1865 555 2430 616 commemoratum
2461 547 2777 616 voluerim
2811 548 3254 615 Collmannum
3301 549 3417 616 hos
3463 569 3579 618 sex
3625 571 3851 619 versus
3897 556 4150 640 prologi

502 662 576 722 ut
622 656 871 738 spurios
919 656 1063 738 ejici
1113 655 1308 721 velle:

1356 799 1417 847 v.
1469 787 1505 844 9
1555 781 1847 842 ἀθάνατον
1877 777 2067 867 ’Ἤρας
2114 783 2298 866 μητέρ
2349 782 2451 850 ἐἰς
2497 780 2644 864 ἐμὴν
2690 777 2842 866 ὓβριν

1352 906 1463 954 VV.
1516 892 1617 966 30,
1672 892 1749 951 31
1806 884 2045 968 Κάδμου
2095 888 2491 973 σοφίσμαθ’ὠν
2538 910 2615 948 νιν
2662 886 2869 950 οὔνεκα
2916 894 3137 949 κτανεῖν

1805 990 1921 1077 Ζῆν
1970 980 2390 1079 ’ἐξεκαυχῶνθ’
2441 995 2523 1055 ὃτι
2567 1000 2788 1078 γάμους
2834 994 3114 1076 ἐψεύσατο

1357 1119 1417 1166 V.
1472 1106 1553 1166 33
1604 1101 1841 1181 μανίαις,
1888 1100 2019 1186 ὄρος
2064 1100 2333 1162 ῧόίκοῦσι
2377 1107 2686 1187 παράκοποι
2730 1106 2954 1187 φρενῶν

1356 1226 1415 1272 v.
1468 1212 1572 1286 41,
1626 1211 1709 1272 42
1758 1204 2031 1292 Σεμέλης
2076 1205 2139 1268 δὲ
2187 1207 2405 1294 μητρὸς
2451 1207 2922 1292 ἀπολογήσασθαι
2969 1208 3030 1288 μ’
3080 1206 3214 1293 ὓπερ

1766 1316 2015 1400 φανέντα
2064 1314 2297 1398 θνητοῖς
2342 1313 2557 1396 δαίμον’
2607 1313 2670 1375 ὃν
2717 1315 2885 1376 τίκτει
2931 1313 3026 1376 Διί.
3705 1391 3714 1398 ⁸

823 1440 915 1505 Et
962 1449 1154 1506 versu
1204 1445 1285 1504 33
1352 1438 1609 1522 quidem
1673 1439 1948 1504 concedo
2014 1438 2131 1504 nos
2194 1440 2358 1504 bene
2422 1457 2643 1504 carere
2689 1457 2894 1521 posse,
2948 1458 3089 1505 cum
3147 1459 3450 1507 versuum
3496 1441 3784 1508 ordinem
3830 1443 4153 1512 inutiliter

500 1550 723 1614 turbet
768 1551 838 1612 et
883 1547 1104 1628 inepte
1149 1551 1541 1628 praesumat,
1599 1546 1769 1627 quod
1812 1565 1875 1611 v.
1928 1552 2009 1609 36
2059 1546 2311 1611 demum
2359 1544 2438 1610 de
2483 1545 2820 1612 mulierum
2867 1545 3120 1612 insania
3166 1546 3419 1614 dicitur.
3514 1548 3615 1615 De
3662 1549 3807 1614 aliis
3853 1551 4149 1618 versibus

502 1674 660 1738 quos
705 1654 898 1720 attuli
946 1653 1378 1719 necessariam
1424 1672 1685 1719 causam
1730 1671 1895 1734 qnae
1942 1659 2135 1734 cogat
2180 1653 2434 1734 spurios
2479 1654 2718 1720 habere
2774 1672 2902 1719 non
2947 1652 3153 1720 video,

820 1761 1113 1842 Reliquis
1171 1779 1334 1841 qnae
1398 1760 1660 1826 levioris
1716 1760 2021 1825 momenti
2075 1766 2229 1825 sunt
2286 1760 2538 1826 omissis
2594 1759 2724 1825 iam
2778 1759 2865 1825 ad
2923 1759 3232 1840 parodum
3277 1762 3702 1842 pervenimus,
3796 1763 4149 1844 Postquam

502 1870 670 1937 enim
718 1869 783 1935 in
830 1869 1097 1951 prologo
1142 1869 1349 1946 DeuS,
1408 1887 1532 1948 quo
1579 1867 1843 1933 consilio
1890 1867 2147 1933 venerit
2201 1873 2509 1934 accurate
2557 1866 2857 1948 exposuit
2901 1872 2969 1932 et
3013 1885 3083 1932 se
3130 1886 3258 1946 eoS,
3308 1867 3418 1948 qui
3466 1868 3752 1935 divinam
3798 1888 3980 1936 suam
4026 1871 4148 1936 ori-

502 1977 718 2060 ginem
764 1980 1004 2059 negent
1051 1975 1435 2058 gravissimo
1482 1973 1794 2057 supplicio
1842 1974 2219 2041 affecturum
2265 1975 2552 2041 minatus
2598 1982 2727 2054 est,
2778 1973 2907 2039 iam
2952 1973 3076 2040 Dei
3123 1973 3386 2039 comites
3433 1975 3732 2041 Bacchae
3776 1976 3845 2041 in
3890 1994 4144 2042 scenam

500 2085 847 2167 prodeunt,
903 2081 1028 2148 Dei
1074 2082 1327 2147 laudem
1374 2081 1693 2147 Bacchico
1740 2081 2023 2147 carmine
2068 2083 2493 2148 celebrantes,
2593 2082 2910 2147 Numerus
2969 2099 3271 2147 versuum
3328 2087 3430 2147 est
3473 2082 3521 2148 J
3523 2081 3743 2148 onicus
3799 2101 3841 2147 a
3883 2083 4143 2162 minore,

505 2191 715 2272 qualis
761 2190 829 2256 in
876 2189 1151 2271 singulis
1199 2188 1771 2255 exclamationibus
1828 2193 1901 2253 ut
1956 2190 2035 2258 τίς
2083 2188 2226 2271 ὁδῷ,
2286 2189 2363 2257 τίς
2410 2187 2561 2271 &BQ
2620 2188 2703 2248 ἴτε
2754 2185 3008 2272 Βάκχαι,
3068 2190 3148 2258 εἰς
3195 2190 3345 2273 ὄρος,
3391 2189 3459 2255 111
3506 2189 3830 2269 frequenti
3877 2209 4147 2256 comme·

504 2297 757 2363 ratione
803 2296 1128 2362 nominum
1176 2297 1471 2364 Διόνυσος,
1520 2293 1782 2382 Βρόμιος,
1832 2295 2178 2377 praecipue
2225 2299 2443 2360 autem
2502 2294 2570 2360 in
2618 2294 3005 2361 exeuntibus
3053 2295 3337 2378 strophis
3384 2301 3686 2378 apparet,
3754 2296 4149 2363 intermixtis

505 2403 897 2474 choriambis
968 2409 1037 2467 et
1105 2402 1499 2484 anapaestis.
1619 2402 1711 2467 Et
1780 2401 1849 2467 in
1916 2402 2119 2484 primo
2190 2401 2448 2482 quidem
2515 2401 2921 2482 stropharum
2988 2402 3134 2483 pari
3201 2402 3644 2484 choryphaeus
3700 2402 3825 2468 Dei
3894 2403 4148 2470 nomine

507 2512 809 2577 invocato
857 2529 898 2575 a
946 2510 1220 2576 Bacchis
1267 2510 1573 2591 postulat,
1632 2515 1970 2591 postquam
2030 2528 2174 2574 cum
2221 2509 2361 2573 Deo
2403 2526 2709 2591 magnam
2756 2513 3009 2590 partem
3056 2508 3231 2574 orbis
3265 2512 3586 2574 terrarum
3632 2516 4149 2591 peragraverunt

507 2622 582 2683 ut
627 2637 801 2683 more
848 2616 1212 2698 antiquitus
1258 2623 1562 2682 consueto
1606 2634 1865 2681 carmen
1895 2616 2035 2681 Deo
2084 2615 2353 2698 dignum
2399 2615 2614 2680 edant.
2711 2615 3217 2697 Responsionem
3264 2615 3567 2681 carminis
3614 2616 4148 2698 antistrophicam

513 2732 741 2791 contra
785 2724 1166 2807 Elmslejum
1212 2723 1503 2790 restituit
1550 2723 1712 2790 God.
1764 2724 2192 2802 HermannuS‚
2247 2741 2369 2803 quo
2417 2728 2680 2788 auctore
2728 2722 2939 2804 prima
2988 2723 3254 2804 stropha
3301 2741 3472 2788 nunc
3524 2723 3620 2788 ita
3665 2723 3935 2805 legitur:

1352 2846 1540 2918 Ἀσίας
1586 2846 1696 2908 ἀπὸ
1742 2849 1904 2928 γαίας

1365 2955 1511 3040 ἱερὸν
1558 2953 1809 3035 Τμῶλον
1855 2956 2149 3038 ἀμείψασα
2196 2953 2408 3022 θοάζω

1364 3060 1593 3147 Βρομίῳ
1640 3065 1807 3122 πόνον
1855 3059 1993 3145 ἡδὺν
2041 3067 2299 3143 κάματον
2345 3059 2493 3122 τέὐ-

1362 3175 1620 3248 κάματον
1672 3165 1917 3253 Βάκχιον
1965 3166 2314 3248 εὐαζομένα.

829 3297 892 3361 11.
944 3315 1000 3360 e.
1101 3293 1435 3377 „Asiatica
1492 3313 1575 3358 ex
1640 3299 1818 3358 terra
1865 3290 2154 3373 profecta
2216 3310 2399 3356 sacro
2465 3292 2686 3358 Tmolo
2743 3293 2968 3358 relicto
3014 3292 3271 3358 Bromio
3328 3293 3616 3357 laborem
3672 3291 4018 3358 iucundum
4084 3297 4150 3357 et

510 3401 960 3485 fatigationem
1010 3401 1263 3466 dulcem
1312 3400 1379 3465 in
1427 3420 1524 3465 me
1574 3399 1850 3482 suscipio
1896 3400 2221 3464 Bacchum
2268 3399 2607 3464 celebrans
2653 3399 2904 3465 deum.“

830 3510 992 3574 Post
1040 3505 1263 3593 Βρομίῳ
1310 3505 1745 3572 Kirchhoffius
1792 3505 2230 3587 responsionis
2297 3524 2494 3570 cansa
2549 3507 2846 3572 lacunam
2905 3506 3144 3590 posuit,
3211 3506 3564 3572 Schoenius
3628 3509 3755 3572 τόν.
3820 3504 4154 3571 Nauckius

510 3616 899 3699 interposuit
944 3617 1089 3699 θεῷ.
1186 3614 1541 3694 Utrumque
1590 3613 1746 3679 mihi
1792 3633 1918 3679 nou
1964 3611 2398 3679 necessarium
2445 3613 2731 3692 videtur,
2791 3614 2848 3679 si
2908 3614 2976 3679 in
3023 3613 3434 3694 antistropha
3481 3612 3820 3679 scribimus
3869 3612 4157 3674 ὁσεοόσθω

512 3744 627 3806 pro
676 3712 1052 3795 ἐξοσιούσθω.
1148 3722 1355 3786 Recte
1390 3721 1801 3786 Hermannus
1849 3719 2009 3786 dicit
2054 3719 2474 3801 compositum
2505 3722 2772 3786 verbnm
2821 3709 3182 3792 ἐξοσεοῦσθαι
3231 3720 3348 3786 1100
3394 3721 3531 3785 1000
3578 3719 3790 3785 minus
3837 3718 4166 3800 poeticum

514 3849 657 3896 esse
729 3848 918 3909 quam
989 3828 1287 3910 simplex,
1362 3827 1485 3892 etsi
1572 3827 1939 3910 Hesychius
2008 3827 2247 3909 legisse
2336 3826 2599 3892 videtur
2664 3816 3039 3898 ἐξοσιούσθω.
3146 3829 3502 3892 Praeterea
3584 3826 3846 3887 ὁσιοῦσθε
3911 3822 4168 3905 legibur

515 3958 573 4002 v.
616 3942 770 4002 114:
823 3933 968 4020 ἀμφὶ
1013 3933 1074 3996 δὲ
1124 3937 1420 4019 νάρθηκας
1469 3932 1730 4020 ὑβριστὰς
1779 3935 2062 3995 ὀσιοῦσθε.
2138 3934 2469 3999 Habemus
2501 3933 2707 4016 igitur
2737 3941 3162 4015 anapaestum
3210 3952 3398 4012 quem
3446 3932 3571 3999 duo
3616 3928 3834 3996 Jonici
3881 3944 4157 4008 sequun-

511 4051 635 4122 tur,
687 4049 759 4109 ut
806 4042 1000 4107 etiam
1048 4041 1143 4106 ita
1192 4040 1489 4123 digerere
1536 4042 1852 4123 possimus
1901 4045 2253 4121 anapaesto
2301 4039 2368 4105 in
2415 4040 2840 4106 antecedente
2889 4041 3125 4122 posito:

1360 4163 1548 4236 Ἀσίας
1595 4165 1702 4227 ἀπὸ
1748 4166 1910 4248 γαίας

1370 4273 1514 4359 ἱερὸν
1561 4272 1812 4353 Τμῶλον
1857 4273 2147 4355 ἀμείψασα
2193 4273 2406 4342 θοάζω
2457 4269 2681 4357 Βρομίῳ

1367 4383 1534 4441 πόνον
1582 4378 1720 4464 ἡδὺν
1768 4386 2026 4461 κάματον
2075 4377 2222 4440 τέὐ-

1370 4493 1630 4567 κάματον
1680 4485 1928 4571 Βάκχιον
1975 4484 2306 4564 εὐαζομένα

521 4614 769 4697 Quibus
815 4613 1031 4680 verbis
1080 4613 1491 4695 antistropha
1539 4613 1905 4694 respondet,
1957 4611 2065 4677 ubi
2110 4615 2363 4676 tantum
2412 4617 2703 4677 extrema
2749 4627 2877 4675 vox
2924 4607 3118 4673 dubia
3167 4615 3295 4673 est:

1374 4741 1454 4789 τις
1502 4720 1634 4802 οδῷ,
1684 4721 1764 4788 τίς
1812 4717 1946 4803 ὁδῷ,
1995 4721 2073 4787 τίς

1376 4827 1717 4912 μελαθροις;
1769 4825 2005 4894 ἔκτοπος
2052 4826 2202 4886 ἐστο)
2252 4828 2436 4906 στόμα
2485 4823 2803 4909 τέὖιρημον
2851 4824 2998 4891 ἄπας
