4542 5659
2245 309 2411 375 XVI

539 522 920 602 Tympanon
988 519 1078 585 ist
1148 520 1253 585 ein
1322 520 1771 586 wesentliches
1830 519 2244 588 Erfordernis
2315 522 2421 589 fur
2490 524 2594 591 die
2656 526 2854 593 Feier
2909 548 3035 595 von
3083 529 3323 610 Orgien
3378 531 3566 614 jeder
3611 533 3765 615 Art,
3833 537 4182 605 besonders

539 626 965 693 bacchischer.
1060 625 1263 692 Beide
1295 627 1703 710 Werkzeuge
1744 628 2009 693 werden
2055 628 2177 694 als'
2200 632 2650 714 m-spriinglich
2700 635 2845 699 dem
2877 634 3113 701 Dienst
3158 635 3276 702 der
3305 638 3490 703 Rhea
3523 639 3760 722 Cybele
3804 643 4182 712 bezeichnet

536 752 577 798 a
626 735 877 800 Catullo
928 740 1029 813 60,
1084 742 1153 800 9:
1204 737 1578 817 tympanum
1626 736 1866 814 tubam,
1918 736 2177 818 Cybele,
2226 741 2361 817 tua,
2410 745 2620 804 mater
2663 738 2868 809 initia.
2880 740 2944 825 ·‘)
3038 740 3242 806 Recte
3287 742 3576 810 Fritzius
3640 748 3844 814 vertit
3893 749 3988 833 (in
4031 771 4177 818 ver-

536 840 717 907 sione
762 860 803 907 a
832 840 1086 907 Kockio
1135 839 1367 925 edita):
1424 842 1699 925 „heilige
1730 842 2372 927 Kuretenwohnung,
2422 845 2715 929 raumige
2749 847 3027 913 Grotteu
3072 848 3333 929 KretaS,
3382 869 3483 917 wo
3529 852 3653 918 mir
3698 854 3804 919 die
3835 855 4018 923 Haut
4064 859 4179 924 der

535 948 784 1014 Rinder
848 947 1137 1014 dreifach
1205 949 1491 1014 behelmt
1557 949 1663 1014 die
1733 950 2003 1015 starken
2067 950 2502 1031 Korybanten
2566 971 2681 1018 zur
2746 955 2972 1020 Pauke
3028 961 3353 1037 spannten
3418 959 3550 1023 und
3610 960 3736 1025 11011
3780 964 4178 1046 erregenden

536 1056 1004 1138 Donnerklang
1060 1055 1435 1121 lockendem
1492 1055 1928 1138 phrygischen
1975 1057 2410 1140 Flotengeton
2465 1059 2722 1126 lieblich
2787 1060 3164 1129 mischten.“
3280 1063 3512 1145 Itaque
3571 1063 3919 1134 Schoenius
3987 1071 4179 1139 facile

534 1167 792 1228 mutans
856 1163 1127 1244 πνεύματι
1180 1162 1250 1228 in
1305 1162 1599 1243 πνεύματα
1646 1163 1947 1247 coniungi
1999 1166 2169 1230 vult:
2237 1167 2590 1252 ἀνεκὲρασαν
2653 1164 2770 1250 (Se.
2830 1172 3135 1249 tympano
3193 1170 3298 1235 Vel
3356 1171 3533 1236 sonis
3579 1175 3904 1260 tympani)
3970 1176 4177 1264 βάκχια

533 1270 827 1351 πνεύματα
876 1271 1156 1331 συντόνων
1214 1267 1462 1351 ἁδυβοᾶν
1510 1267 1764 1356 Φρυγίων
1812 1270 2036 1345 αὐλὼν,
2095 1290 2223 1353 qua
2278 1272 2346 1338 in
2404 1272 2726 1353 scriptura
2781 1274 2939 1339 mihi
2998 1274 3299 1356 displicet
3355 1279 3699 1345 cumulatio
3756 1281 3888 1347 ista
3931 1286 4173 1365 geneti-

531 1396 756 1444 vorum
790 1383 856 1441 et
885 1375 1260 1459 languidum
1293 1376 1456 1443 illud
1503 1376 1833 1458 epitheton
1868 1381 2165 1440 συντόνων.
2231 1379 2642 1445 Hei-mannus
2690 1381 2965 1446 coniecit
3009 1388 3271 1463 praeter
3317 1384 3464 1466 alia,
3516 1405 3677 1467 quae
3723 1387 3863 1469 ipse
3907 1392 4175 1458 minoris

532 1483 710 1564 facit,
785 1483 1185 1565 potissimum
1247 1484 1355 1545 ἀνὰ
1410 1482 1471 1545 δὲ
1534 1481 1785 1569 Βακχάόι
1856 1489 2106 1569 συντόνῳ
2178 1489 2428 1572 κέρασαν
2483 1485 2704 1569 ᾐόυβόα
2770 1486 2963 1548 αὐλῶν
3028 1485 3283 1574 Φρυγίων
3345 1493 3620 1569 πνεύματι
3687 1500 4174 1577 „temperarunt

532 1595 845 1673 tympana
888 1589 1317 1656 concordante
1360 1590 1677 1656 Bacchico
1722 1592 1968 1674 Phryg.
2035 1592 2341 1658 tibiarum
2398 1593 2694 1675 spiritu“.
2809 1594 3248 1662 Collmannus:
3324 1596 3592 1684 βακχεῖον
3666 1599 3830 1662 δ’ἀνοὶ
3884 1602 4170 1682 τύμπανον

535 1693 781 1784 κέρασαν
852 1695 1099 1778 ἁδυβοαν
1176 1694 1430 1783 Φρυγίων
1500 1696 1694 1758 αὐλὼν
1762 1701 2047 1781 πνεύματι.
2173 1700 2514 1766 Wecklein
2585 1702 2857 1781 denique
2926 1702 3354 1769 audacissime
3425 1706 3533 1766 ἀνα
3603 1705 3663 1768 δὲ
3745 1709 4024 1774 mutavit
4105 1711 4170 1776 111

536 1804 680 1886 αύδᾷ
745 1805 912 1885 quod
959 1804 1345 1885 respondeat
1400 1804 1729 1885 strophico
1775 1808 1973 1870 verbo
2033 1813 2270 1868 στικτῶν
2326 1815 2394 1873 et
2439 1813 2646 1873 totum
2693 1809 2897 1875 locum
2941 1809 3038 1875 ita
3073 1811 3381 1892 explicat:
3435 1811 3580 1896 αὐδᾷ
3627 1817 3875 1897 συντόνῳ
3924 1818 4171 1900 κέρασαν

538 1910 748 1997 βακχια
811 1912 1105 1992 πνεύματα
1151 1909 1400 1992 ἁδυβοᾶν
1447 1907 1703 1997 Φρυγίων
1750 1911 1946 1974 αὐλῶν
2008 1913 2165 1994 „mit
2226 1913 2371 1978 dem
2417 1915 2595 1980 Tone
2640 1934 2767 1980 von
2813 1916 2956 1980 dem
3004 1923 3407 1998 gespannten
3452 1919 3670 1984 Leder
3730 1921 3843 1986 des
3891 1921 4166 2003 Tympa-

532 2037 658 2085 non
711 2017 1142 2084 vermischten
1188 2017 1282 2082 sie
1329 2018 1455 2084 11011
1501 2018 1969 2084 bachchisohen
2015 2020 2249 2085 Hauch
2296 2020 2414 2086 der
2459 2022 2892 2106 phrygischen
2939 2023 3189 2089 Flote.“
3289 2024 3496 2107 Quam
3544 2025 3977 2092 coniecturam
4022 2048 4167 2110 pro-

535 2128 691 2191 bare
738 2145 865 2191 non
909 2144 1187 2207 possum.
1281 2125 1565 2191 Primum
1613 2125 1782 2191 enim
1832 2125 1979 2209 αὐδᾷ
2021 2146 2138 2209 pro
2185 2128 2294 2188 ἀνα
2325 2126 2388 2189 δὲ
2419 2128 2731 2194 audacius
2760 2134 3082 2195 mutatum
3112 2130 3392 2212 videtur,
3442 2132 3674 2198 deinde
3722 2132 3866 2195 αύδά
3907 2135 4170 2206 σύντονος

531 2251 922 2314 magnopere
968 2231 1191 2297 dubito
1237 2252 1387 2298 num
1437 2232 1805 2314 significare
1873 2234 2083 2314 possit
2150 2253 2374 2299 sonum
2448 2236 2603 2301 corii
2649 2235 2887 2301 intenti
2957 2238 3131 2320 „Der
3176 2237 3315 2303 Ton
3371 2257 3498 2305 von
3555 2239 3699 2304 dem
3763 2249 4170 2322 gespannten

531 2340 808 2419 Leder“‚
859 2359 1001 2405 011111
1033 2340 1192 2404 haec
1233 2340 1641 2405 coniuunctio
1673 2340 1861 2407 nimis
1909 2342 2123 2406 audax
2170 2342 2278 2407 vel
2323 2342 2393 2407 in
2440 2343 2689 2424 tragico
2745 2361 3036 2408 sermone
3084 2363 3226 2410 esse
3272 2344 3590 2411 videatur.
3686 2347 3919 2427 Itaque
3971 2348 4162 2414 aliam

532 2446 997 2513 emendationis
1067 2446 1240 2511 viam
1312 2446 1566 2528 ingredi
1634 2448 1972 2529 oportebit.
2093 2449 2312 2513 Antea
2379 2455 2596 2514 tamen
2657 2450 2990 2532 paulisper
3054 2450 3139 2514 ad
3208 2452 3371 2518 God.
3439 2453 3879 2518 Hermannum
3948 2455 4163 2520 redire

532 2554 732 2620 liceat
799 2554 907 2634 qui
975 2558 1158 2618 recte
1224 2553 1381 2618 dicit
1439 2555 1546 2614 ἀνα
1604 2552 1666 2615 δὲ
1732 2556 1798 2620 111
1855 2555 2171 2636 principio
2232 2555 2542 2621 orationis
2597 2555 2874 2636 positum
2942 2561 3076 2621 tam
3121 2559 3377 2637 bonum,
3427 2563 3562 2623 tam
3599 2560 3887 2641 -genuino
3935 2561 4160 2640 simile,

534 2667 669 2727 tam
715 2661 980 2742 elegans
1027 2679 1186 2738 esse,
1236 2668 1311 2725 ut
1357 2662 1738 2727 temerarius
1785 2662 1890 2740 sit,
1942 2662 2051 2742 qui
2080 2662 2199 2727 1100
2231 2662 2487 2743 quidem
2519 2666 2772 2727 mutare
2804 2664 3062 2729 audeat.
3155 2664 3377 2745 Ipsum
3420 2667 3687 2731 verbum
3731 2667 4167 2753 ἀνακεραννύναι

532 2768 790 2850 saepius
822 2773 1192 2849 usurpatur.
1286 2768 1604 2833 Homerus
1638 2768 1757 2837 Od.
1796 2774 1853 2848 3,
1892 2775 2018 2833 390
2052 2767 2212 2834 dicit
2257 2769 2366 2829 ἁνοί
2414 2778 2674 2855 κρητῆρα
2722 2772 3016 2855 κέρασσεν.
3111 2771 3221 2838 Ar.
3265 2789 3386 2837 ran
3420 2778 3545 2836 512
3598 2771 3744 2833 οἶνον
3790 2775 4163 2859 ἀνεκεράννυ;

533 2881 601 2940 et
649 2874 841 2940 simili
887 2875 1079 2939 tmesi
1123 2874 1365 2956 legitur
1411 2874 1478 2939 in
1523 2894 1585 2941 V.
1623 2881 1705 2939 80
1754 2876 1863 2936 ἀνα
1893 2875 2122 2960 -θύρσον
2169 2896 2231 2937 τε
2282 2881 2574 2936 τινάσσων.

853 2979 1039 3063 Quod
1096 2988 1313 3047 autem
1377 2982 1520 3063 ipse
1565 2983 1976 3047 Hermannus
2022 2981 2153 3063 legi
2199 2983 2377 3049 vult:
2446 2984 2554 3043 ἀνα·
2619 2982 2679 3044 δὲ
2731 2981 2976 3068 βακχαόι
3035 2987 3285 3067 συντόνῳ
3338 2987 3585 3069 κέρασαν
3632 2984 3856 3069 ᾑδυβοᾳ
3903 2985 4165 3073 Φρυγίων

533 3089 726 3151 αὐλῶν
772 3096 948 3155 recte
995 3089 1402 3156 Collmannus
1451 3090 1611 3158 dicit
1657 3089 1821 3154 satis
1853 3090 2090 3154 multas
2138 3108 2368 3155 causas
2415 3089 2724 3171 impedire
2770 3090 3107 3170 quominus
3142 3093 3637 3173 comprobemus,
3688 3112 3961 3174 quarum
4007 3112 4156 3176 gra-

528 3197 792 3262 vissima
840 3203 958 3274 est,
1009 3197 1177 3276 quod
1225 3194 1432 3261 forma
1476 3194 1728 3281 Βακχαδι
1774 3197 1951 3262 1111110
1997 3195 2249 3261 0111111110
2284 3197 2647 3263 Atticorum
2681 3198 3063 3280 scriptorum
3106 3199 3242 3264 loco
3287 3199 3626 3279 reperitur,
3679 3204 3748 3264 et
3793 3200 3849 3264 si
3899 3207 4161 3265 extaret

528 3305 648 3369 1100
694 3303 1105 3384 adiectivum‚
1153 3323 1280 3369 non
1328 3322 1469 3368 cum
1517 3304 1847 3368 abstracto
1896 3304 2326 3382 substantiVO,
2376 3305 2565 3384 quale
2613 3311 2716 3368 est
2761 3311 3011 3384 πνεῦμα,
3058 3304 3361 3386 coniungi
3408 3309 3655 3386 posset,
3726 3306 3839 3370 sed
3885 3307 3971 3371 ad
4016 3326 4160 3388 per-

529 3429 749 3475 sonam
812 3409 1135 3490 quandam
1193 3409 1602 3476 referendum
1660 3417 1853 3476 esset.
1972 3408 2157 3491 Quod
2212 3415 2558 3492 praeterea
2618 3411 3032 3480 Hermannus
3089 3411 3365 3476 coniecit
3428 3411 3620 3477 scribi
3687 3432 3879 3493 posse
3945 3415 4052 3474 ἀνα
4098 3413 4160 3474 δὲ

529 3517 765 3578 σύντονα
815 3515 1070 3601 βακαχίῳ
1119 3519 1364 3603 κέρασαν
1411 3516 1662 3601 ἡῧυβοᾶν
1710 3516 1902 3578 αὐλῶν
1949 3513 2204 3602 Φρυγίων
2248 3518 2551 3597 πνεύματι,
2599 3518 2808 3583 minus
2852 3518 3111 3599 placere
3154 3519 3476 3596 confiteor,
3526 3518 3680 3599 quia
3725 3518 4044 3585 obiectum
4077 3520 4164 3586 ad

528 3629 774 3712 κέρασαν
820 3624 1127 3690 desidero.
1221 3624 1450 3690 deinde
1502 3624 1895 3690 adiectivum
1940 3627 2222 3708 συντόνων
2277 3623 2447 3704 quod
2491 3623 2577 3689 ad
2623 3643 2839 3690 vocem
2890 3624 3083 3686 αύλων
3129 3624 3537 3691 referendum
3583 3644 3728 3691 esse
3775 3625 3961 3705 dicit,
4013 3632 4158 3691 tan·

526 3741 665 3799 tum
725 3730 1130 3798 difficultatis
1195 3734 1489 3813 praebet,
1564 3738 1639 3797 ut
1705 3751 1846 3797 cum
1907 3731 2281 3797 Collmanno
2347 3730 2414 3797 in
2474 3750 2549 3796 eo
2594 3732 2995 3812 potissimum
3059 3731 3244 3813 quasi
3302 3733 3519 3797 sedem
3568 3734 3970 3813 corruptelae
4017 3751 4162 3800 esse

526 3858 840 3906 censeam.
934 3839 1126 3920 Apud
1175 3839 1364 3921 Soph.
1414 3839 1583 3904 enim
1624 3839 1983 3919 ubicunque
2030 3838 2334 3916 occurrit,
2385 3837 2546 3903 nihil
2593 3837 2766 3903 aliud
2813 3843 3008 3918 atque
3053 3838 3326 3903 latinum
3374 3837 3763 3905 adiectivum
3816 3840 4160 3905 vehemens

527 3947 631 4012 vel
677 3964 830 4011 acer
875 3943 1214 4028 significat,
1265 3964 1431 4025 quae
1477 3945 1653 4011 notio
1698 3965 1826 4011 non
1880 3945 2044 4010 bene
2091 3963 2231 4009 011111
2278 3944 2486 4010 altero
2535 3943 2648 4027 (ad
2694 3945 2890 4010 tibias
2938 3944 3302 4026 referendo)
3350 3944 3673 4012 adiectivo
3719 3945 3969 4027 ἁδυβοᾱν
4014 3964 4157 4011 con-

524 4053 723 4120 venit.
816 4051 1032 4118 Aliter
1076 4051 1424 4133 Euripides
1469 4053 1613 4134 Iph.
1663 4053 1811 4119 Aul.
1866 4059 2034 4117 1118
2092 4051 2212 4116 hoc
2267 4050 2587 4116 adiectivo
2632 4070 2789 4116 usus
2836 4058 2940 4117 est
2986 4052 3224 4114 σύντονα
3270 4060 3388 4122 τοῖς
3454 4060 3570 4121 σοῖς
3617 4057 3940 4136 γράμμασιν
3986 4054 4048 4118 h.
4099 4072 4156 4117 0.

529 4159 953 4243 congruentia
999 4178 1141 4224 cum
1186 4159 1430 4225 litteris
1476 4158 1628 4228 tuis,
1720 4161 1814 4225 At
1842 4158 2190 4241 Euripides
2222 4157 2280 4222 si
2319 4159 2439 4224 1100
2487 4157 2844 4239 exprimere
2889 4149 3220 4238 voluisset,
3269 4158 3492 4237 utique
3540 4157 3832 4226 dativum
3881 4159 4157 4237 aliquem

525 4266 846 4334 adiectivo
897 4269 1142 4350 συντόνῳ
1190 4266 1433 4332 addere
1481 4267 1774 4346 debebat,
1825 4272 1900 4331 ut
1944 4265 2011 4331 in
2058 4264 2263 4330 latino
2312 4283 2558 4346 quoque
2607 4284 2897 4331 sermone
2927 4265 3337 4347 participium
3386 4265 3781 4331 concordans
3813 4263 3925 4330 vix
3967 4282 4152 4329 usur-

527 4374 668 4455 pari
728 4378 974 4456 potest,
1043 4372 1169 4438 nisi
1233 4372 1299 4438 id
1369 4372 1678 4452 adicitur,
1748 4391 2017 4454 quocum
2076 4371 2439 4437 concordat.
2537 4373 2681 4438 Hoc
2742 4379 2921 4438 recte
2979 4373 3409 4438 Collmannus.
3523 4371 3708 4453 Quod
3771 4389 3924 4436 vero
3984 4371 4155 4434 idem

524 4501 584 4547 V.
637 4481 698 4546 d.
749 4480 1025 4546 coniecit
1073 4480 1477 4546 scribendum
1524 4499 1668 4546 esse
1714 4480 2001 4560 τύμπανον
2048 4498 2161 4560 pro
2210 4483 2492 4540 συντόνων
2538 4485 2607 4544 et
2653 4498 2881 4545 versus
2928 4478 3024 4544 ita
3069 4479 3474 4546 collocandos
3521 4497 3693 4544 esse:

1382 4585 1649 4673 βακχεῖον
1695 4586 1858 4648 δ’ἀνοὶ
1905 4587 2190 4667 τύμπανον

1384 4696 1629 4780 κέρασαν
1675 4692 1923 4775 ἁδυβοᾶν
1969 4690 2225 4779 Φρυγίων

1380 4801 1573 4863 αὐλὼν
1617 4802 1889 4883 πνεύματι
