4542 5659
2142 311 2348 379 XVII

440 529 506 594 id
554 527 807 608 quidem
853 528 1089 591 bonum
1136 543 1392 589 sensum
1423 526 1712 605 praebet,
1762 543 1990 590 vereor
2036 528 2253 589 autem
2299 531 2374 589 ut
2407 523 2756 606 Euripides
2803 524 2900 589 ita
2948 524 3299 607 scripserit.
3393 525 3677 593 Primum
3727 527 3894 592 enim
3941 547 4067 593 non

438 634 828 716 intelligitur
872 632 1181 713 quomodo
1227 631 1631 697 notissimum
1660 630 1821 697 illud
1851 631 2231 697 vocabulum
2280 632 2586 710 τύμπανον,
2635 630 2929 711 qnodque
2975 637 3111 696 tam
3143 651 3336 712 saepe
3368 632 3434 696 in
3467 636 3691 696 nostra
3723 634 4063 715 tragoedia

438 742 747 820 occurrit,
814 739 1049 805 mutari
1105 738 1392 821 potuerit
1445 737 1854 803 librariorum
1920 756 2154 805 errore.
2256 737 2510 802 Deinde
2557 737 2614 802 si
2669 738 2954 818 τύμπανον
3004 735 3269 823 βάκχειον
3325 737 3589 818 dicitur,
3641 743 3833 820 poeta
3888 742 4060 806 mala

436 848 721 931 prolepsi
751 854 1060 924 uteretur,
1111 864 1277 927 quae
1324 864 1452 911 non
1498 845 1661 911 satis
1709 864 1784 910 eo
1831 844 2218 924 defenditur,
2269 844 2438 925 quod
2484 845 2838 910 Maenades
2885 849 3039 908 ante
3086 845 3417 911 dixerunt:
3479 844 3608 907 τάδε
3643 867 3736 928 μοι
3781 847 3953 933 ηὗρον
4000 857 4067 913 et

441 955 670 1022 deinde
722 953 964 1020 musica
1010 954 1124 1019 illa
1170 952 1605 1018 instrumenta
1658 951 1995 1017 nominant
2053 951 2259 1013 κτύπον
2308 951 2587 1032 εὐάσμασι
2636 949 2886 1037 Βακχᾶν,
2953 969 3094 1017 cum
3151 952 3216 1016 in
3277 952 3404 1017 fine
3451 952 3704 1018 demum
3759 956 4065 1035 strophae

441 1065 671 1128 chorus
728 1060 993 1127 disertis
1050 1060 1266 1126 verbis
1313 1058 1489 1124 dicat
1534 1061 1794 1142 satyros
1841 1059 1953 1124 illa
1996 1058 2457 1137 instrumenta,
2516 1063 2891 1141 tympanum
2958 1065 3025 1122 et
3061 1057 3326 1137 tibiam,
3395 1059 3480 1123 ad
3527 1078 3782 1125 sacrum
3829 1063 4068 1126 cultum

437 1170 562 1235 Dei
608 1168 999 1266 adhibuisse.
1440 1160 1448 1168 '

758 1277 960 1340 Recte
1007 1275 1133 1339 iam
1180 1274 1594 1344 Hermannus
1641 1273 1900 1337 dixerat
1946 1273 2001 1338 si
2051 1271 2259 1357 βάκχια
2308 1291 2357 1337 s.
2407 1270 2651 1357 βακχεῖα
2697 1272 2784 1337 ad
2831 1291 3017 1338 sacra
3048 1273 3371 1338 Bacchica
3419 1271 3791 1352 referretur,
3842 1276 4066 1340 absur-

439 1383 585 1448 dam
658 1381 1041 1447 sententiam
1112 1379 1278 1446 effici
1353 1380 1471 1460 „In
1529 1380 1753 1458 Creta,
1812 1378 2049 1459 inquit,
2120 1380 2522 1462 Corybantes
2589 1378 2977 1446 invenerunt
3034 1385 3438 1462 tympanum,
3498 1381 3691 1461 idque
3748 1381 3818 1447 iu
3864 1383 4080 1448 sacris¹

438 1489 772 1555 Bacchicis
818 1487 984 1553 tibia
1029 1492 1457 1568 temperatum
1506 1486 1829 1552 dederunt
1874 1486 2121 1566 Rheae,
2172 1506 2213 1550 a
2260 1506 2389 1567 qua
2435 1492 2771 1567 acceptum
2820 1486 3026 1567 satyri
3074 1486 3278 1551 sacris
3324 1487 3567 1552 Bacchi
3613 1488 4065 1555 adhibuerunt.

408 1596 625 1661 -Itane
680 1595 880 1662 vero?
970 1594 1139 1659 Num
1185 1593 1406 1674 Satyri
1470 1612 1511 1657 a
1554 1593 1743 1658 Rhea
1808 1594 2099 1675 accipere
2155 1598 2469 1675 tympana
2515 1597 2584 1658 et
2646 1592 2714 1657 in
2775 1611 2963 1658 sacra
3026 1592 3348 1658 Bacchica
3411 1593 3654 1659 inferre
3719 1601 4069 1677 potuerunt

439 1703 494 1768 si
542 1721 621 1767 ea
668 1703 793 1767 iam
852 1702 1097 1766 usitata
1160 1701 1228 1765 in
1292 1701 1394 1766 his
1455 1700 1657 1766 sacris
1722 1705 1937 1779 erant,
2004 1701 2378 1781 priusquam
2433 1700 2531 1764 illi
2595 1705 2978 1780 acceperant
3034 1700 3116 1764 ab
3163 1699 3390 1765 Rhea?
3481 1701 3624 1766 Non
3671 1704 4070 1783 Corybantes

436 1797 750 1892 ⁴tympana
791 1808 1033 1874 Bacchi
1091 1807 1296 1873 sacris
1361 1808 1749 1874 invenerunt
1805 1826 1882 1872 ac
1948 1813 2084 1873 tum
2141 1807 2462 1872 dederunt
2505 1807 2760 1879 Rheae,
2820 1805 2932 1870 sed
2979 1806 3202 1872 Rheae
3266 1808 3484 1888 gratia
3542 1807 3847 1874 fabricati
3895 1814 4064 1889 sunt,

435 1934 558 1996 quo
614 1935 695 1980 ne
760 1914 1076 1980 Saturnus
1140 1914 1435 1996 vagitum
1487 1914 1533 1980 J
1537 1914 1676 1980 ovis
1735 1915 2051 1980 audiret.“
2161 1914 2346 1997 Quod
2409 1919 2626 1978 autem
2682 1913 3092 1978 Collmannus
3149 1913 3384 1979 conicit
3441 1915 3726 1995 τύμπανον
3786 1917 4067 1981 scriben-

435 2022 586 2086 dum
633 2040 801 2099 esse,
867 2021 1020 2101 quia
1083 2020 1261 2086 aliud
1326 2022 1643 2087 obiectum
1693 2021 1779 2085 ad
1825 2023 2095 2087 verbum
2144 2021 2336 2104 θῆκαν
2380 2019 2814 2085 necessarium
2862 2020 2975 2100 sit,
3045 2040 3121 2085 ac
3166 2021 3497 2101 πνεύματα,
3564 2022 3732 2103 quod
3780 2024 4066 2104 proxime

435 2128 789 2207 antecedit,
841 2128 1063 2193 dubito
1122 2146 1273 2192 num
1330 2133 1506 2193 recte
1562 2127 1630 2193 id
1693 2127 1950 2193 dixerit.
2048 2127 2385 2194 Obiectnm
2436 2127 2603 2192 enim
2662 2126 2746 2191 ad
2809 2127 2999 2210 θῆκαν
3057 2134 3210 2192 sunt
3268 2128 3392 2194 duo
3448 2129 3564 2193 illa
3620 2131 4064 2210 instrumenta,

434 2241 809 2315 tympanum
856 2240 925 2298 et
969 2234 1158 2313 tibia,
1229 2252 1393 2314 quae
1458 2233 1799 2300 coniuncta
1848 2234 2140 2299 efficiunt
2197 2235 2405 2295 κτύπον
2452 2233 2691 2313 εύασμσι
2743 2231 2975 2318 Βακχᾶν
3035 2235 3194 2316 „Als
3241 2235 3682 2316 begleitendes
3730 2237 4063 2303 Gerausch

433 2341 539 2405 fiir
584 2340 702 2406 das
746 2340 1156 2406 Frohlocken
1202 2341 1319 2406 der
1364 2341 1920 2420 Bacchantinnen,
1970 2360 2077 2405 um
2124 2340 2242 2406 das
2289 2341 2335 2408 J
2339 2341 2623 2405 auchzen
2670 2340 2787 2405 der
2830 2340 3365 2406 Bacchantinnen
3411 2361 3490 2407 zu
3537 2343 3927 2424 begleiten.“

752 2448 845 2513 Ut
900 2447 1028 2512 iam
1082 2465 1287 2513 meam
1343 2449 1849 2528 qualemcunque
1904 2448 2296 2513 sententiam
2360 2445 2700 2528 proferam,
2771 2446 2899 2511 iam
2966 2446 3102 2512 dixi
3168 2448 3384 2512 sedem
3450 2450 3854 2531 corruptelae
3922 2471 4064 2517 esse

432 2554 641 2619 videri
697 2553 763 2618 in
808 2572 966 2618 voce
1025 2556 1293 2638 συντόνῳ,
1343 2554 1520 2635 quod
1584 2572 1625 2619 a
1687 2553 1955 2619 librario
2019 2553 2235 2635 aliquo
2301 2551 2700 2634 adscriptum
2758 2571 2900 2618 esse
2965 2559 3120 2634 puto
3169 2555 3253 2619 ad
3300 2555 3750 2635 explicandum
3797 2559 4064 2626 verbum

434 2658 815 2742 ἁνεκέρασαν,
880 2665 955 2725 ut
1000 2659 1390 2741 exprimeret
1436 2660 1551 2726 illa
1597 2660 1723 2726 duo
1771 2662 2201 2726 instrumenta
2245 2680 2376 2726 una
2422 2660 2723 2724 sonantia
2768 2659 2949 2725 illum
2996 2679 3220 2725 sonum
3267 2661 3583 2742 effecisse,
3642 2682 3828 2743 quem
3873 2669 4067 2745 poeta

433 2765 591 2831 dicit
637 2765 840 2827 κτύπον
887 2765 1162 2847 εὐάσμασι
1210 2765 1462 2852 Βακχᾶν.
1555 2768 1724 2832 Puto
1771 2767 1972 2849 igitur
2015 2768 2183 2832 hanc
2226 2786 2448 2832 vocem
2494 2785 2530 2831 e
2573 2771 2757 2831 textu
2798 2767 3248 2832 removendam
3282 2787 3440 2847 esse,
3491 2770 3557 2833 in
3605 2769 3790 2835 initio
3839 2789 4065 2836 versus

430 2879 665 2952 aut-em,
714 2872 825 2938 ubi
868 2874 1187 2955 spondeus
1234 2873 1434 2952 deest,
1486 2873 1767 2955 aliquam
1814 2893 2038 2940 vocem
2084 2873 2512 2952 intercidisse,
2561 2891 2728 2954 quae
2775 2874 3056 2954 spondeo
3102 2873 3170 2939 in
3216 2893 3410 2940 versu
3459 2876 3780 2957 strophico
3829 2883 4065 2938 στικτῶν

429 2979 797 3061 respondet.
892 2978 1077 3061 Quod
1124 2981 1313 3061 quale
1368 2980 1565 3046 fuerit
1621 3002 1735 3063 pro
1792 2987 1969 3046 certo
2035 2981 2244 3047 dicere
2303 2999 2429 3045 non
2486 2998 2765 3060 possum.
2858 2979 3188 3045 Meliorem
3246 2981 3500 3060 quidem
3556 3002 3726 3048 nunc
3772 2983 4064 3049 invenire

428 3105 557 3153 non
601 3105 859 3167 possum
905 3106 1095 3167 quam
1140 3088 1520 3154 Bacchicam
1568 3089 2098 3154 exclamationem
2147 3086 2281 3149 εὐοῖ.
2377 3087 2597 3151 Verba
2643 3085 2845 3168 igitur
2892 3087 2984 3150 sic
3030 3087 3401 3153 collocanda
3447 3107 3586 3153 esse
3633 3089 3966 3156 videntur:

1282 3194 1412 3256 τάδε
1460 3217 1552 3276 μοι
1599 3194 1944 3281 κορύβαντες
1995 3195 2155 3281 εὗρον

1284 3299 1415 3363 εὐοῖ.
1512 3303 1619 3362 ἀνά
1666 3301 1728 3364 δὲ
1778 3300 1999 3387 Boiu-lfa

1285 3410 1531 3492 κέρασαν
1580 3407 1828 3490 ἁδυβοᾶν
1876 3407 2132 3495 Φρυγίων

1286 3521 1483 3575 auhsau
1530 3516 1840 3595 πνεύματα.

752 3618 947 3698 „Dies
994 3619 1142 3703 (das
1189 3618 1503 3704 τύμπανον)
1561 3640 1701 3686 war
1757 3620 1861 3687 die
1907 3621 2271 3704 Erfindung
2327 3622 2443 3687 der
2487 3621 2935 3703 Korybanten.
3028 3622 3226 3687 Evoe.
3333 3621 3558 3688 Damit
3619 3622 4052 3689 vermischten

427 3723 503 3788 lie
560 3723 683 3788 den
745 3724 1170 3790 bacchischen
1217 3726 1445 3791 Hanch
1515 3727 1628 3792 der
1684 3728 2152 3793 siissto'nenden
2211 3729 2646 3812 phrygischen
2692 3729 2883 3794 Flote
2930 3729 3063 3794 und
3126 3731 3336 3811 gaben
3392 3729 3567 3794 diese
3613 3729 4053 3796 Instrumente

422 3848 553 3895 nun
600 3830 668 3896 in
715 3829 820 3896 die
866 3832 1061 3897 Hand
1108 3832 1224 3897 der
1270 3833 1519 3898 Mutter
1548 3834 1752 3915 Rhea,
1803 3853 1909 3900 um
1969 3836 2087 3901 das
2134 3834 2427 3917 freudige
2457 3836 2503 3901 J
2506 3837 2794 3901 auchzen
2841 3837 2957 3900 der
3000 3836 3528 3901 Bacchantinnen
3577 3855 3657 3901 zu
3706 3837 4046 3917 begleiten‚

421 3954 548 4001 von
594 3937 712 4001 der
740 3937 927 4002 Rhea
974 3939 1332 4021 empfingen
1381 3940 1475 4005 sie
1521 3940 1626 4005 die
1672 3942 1989 4008 rasenden
2021 3941 2265 4025 Satyrn
2298 3942 2432 4007 und
2479 3944 2921 4024 gebrauchten
2955 3941 3049 4007 sie
3078 3961 3222 4006 zum
3253 3943 3508 4025 Reigen
3553 3942 3669 4008 der
3718 3943 4052 4027 3jahrigen

420 4044 638 4122 Feste,
688 4063 773 4108 an
820 4044 1030 4110 denen
1076 4044 1401 4127 Dionysos
1450 4048 1588 4113 sich
1635 4047 1871 4114 frent.·‘

739 4152 883 4215 Vox
931 4150 1048 4214 εὐοῖ
1077 4152 1334 4233 saepius
1366 4153 1433 4219 in
1465 4154 1742 4220 mediam
1774 4155 2127 4221 orationem
2155 4155 2542 4237 intericitur,
2594 4163 2668 4222 ut
2699 4157 2888 4238 Soph.
2923 4159 3155 4224 Trach.
3194 4165 3320 4224 216
3371 4157 3487 4219 ἰδού
3537 4158 3598 4238 μ’
3647 4160 4046 4243 ἀναταρασσει,

421 4253 566 4326 εὐοῖ,
633 4256 728 4336 μ’ὁ
793 4258 983 4328 κισσὸς
1047 4261 1168 4345 ἄρτι
1234 4258 1472 4345 βακχίαν
1537 4258 1901 4347 ὑποστρέφων
1963 4262 2228 4342 ἅμιλλαν.
2343 4264 2486 4328 Vox
2558 4261 2765 4349 βάκχια
2833 4271 3049 4329 autem
3119 4284 3244 4331 non
3325 4265 3409 4330 ad
3478 4283 3666 4330 sacra
3732 4264 4051 4330 Bacchica

417 4360 760 4426 referenda
806 4368 912 4429 est
957 4365 1072 4429 sed
1127 4365 1194 4431 in
1249 4367 1621 4433 universum
1678 4368 2007 4449 significat
2051 4369 2119 4434 id
2177 4370 2346 4450 quod
2393 4369 2686 4434 laetitiae
2742 4377 2810 4434 et
2863 4370 3220 4437 hilaritatis
3266 4372 3526 4453 plenum
3571 4376 3688 4452 est,
3753 4373 4046 4452 qnodque

416 4468 594 4533 illam
640 4469 838 4534 animi
883 4470 1317 4538 condicionem
1365 4473 1578 4555 efficit,
1630 4475 1838 4556 qualis
1885 4494 2102 4540 eorum
2149 4476 2258 4556 qui
2290 4478 2498 4543 Deum
2533 4478 2866 4543 celebrant
2896 4478 3159 4560 propria
3193 4485 3311 4558 est,
3361 4484 3436 4542 ut
3468 4478 3816 4543 Schoenius
3859 4478 4045 4546 dicit:

421 4572 653 4659 βακχιος
697 4576 941 4658 tropice
988 4578 1228 4644 dictum
1277 4599 1418 4645 esse
1465 4582 1546 4646 de
1576 4581 1791 4647 furore
1826 4582 2165 4649 Bacchico,
2260 4585 2558 4650 Ceterum
2604 4585 2818 4650 facere
2865 4606 2991 4651 non
3036 4605 3296 4668 possum
3342 4586 3495 4665 quin
3541 4585 3805 4667 pietatis
3853 4605 4048 4652 causa

417 4698 898 4749 commemorem
954 4684 1147 4750 aliam
1207 4686 1668 4767 coniecturam,
1738 4691 1819 4756 ab
1883 4691 2182 4772 Augusto
2229 4690 2586 4772 Boeckhi0‚
2655 4711 2779 4772 quo
2825 4692 2973 4758 olim
3019 4691 3337 4774 magistro
3384 4711 3536 4757 usus
3583 4712 3751 4772 sum,
3819 4691 3885 4758 in
3933 4711 4046 4757 suo

414 4789 764 4869 exemplari
810 4791 1112 4857 editionis
1157 4794 1680 4860 Hermannianae
1727 4795 1793 4861 iu
1841 4797 2128 4879 margine
2175 4798 2262 4862 ad
2311 4817 2370 4864 v.
2412 4803 2536 4862 130
2585 4799 3012 4880 adscriptam:
3074 4799 3196 4863 Ille
3242 4818 3356 4881 pro
3406 4802 3652 4882 συντόνῳ
3701 4799 4046 4879 adscripsit

3577 4926 3611 4976 3
