4542 5659
2198 271 2436 338 XVIII

499 478 713 566 εὐτόνιρ
771 480 1046 546 addens:
1118 479 1180 542 εὑ
1239 481 1596 546 transierat
1652 483 1720 548 in
1780 506 1897 544 συν.
2011 483 2192 566 Quae
2240 486 2614 552 coniectura
2661 504 2869 567 sagax
2916 486 3173 566 quidem
3221 492 3350 568 est,
3422 508 3626 570 neque
3694 495 3913 558 tamen
3978 512 4136 558 vera

498 588 775 654 videtur.
886 587 1137 653 Deinde
1189 625 1269 633 ψ
1320 589 1387 654 id
1443 590 1612 669 quod
1676 591 1949 656 maxime
2015 591 2616 662 commemoratione
2673 592 2938 675 dignum
3000 598 3102 658 est
3150 631 3232 639 —
3282 596 3346 659 in
3405 616 3465 662 v.
3533 596 3726 658 αὐλῶν
3792 599 4136 680 diphthon-

498 715 650 776 gum
699 718 769 756 αυ
815 693 884 760 ιιι
930 695 1092 760 duas
1138 696 1393 761 vocales
1440 697 1605 762 solvi
1652 698 1822 777 vult,
1880 703 1955 763 ut
2015 701 2097 763 ab
2155 700 2278 764 hoc
2323 702 2519 765 verbo
2566 718 2768 779 usque
2813 699 2898 764 ad
2949 697 3184 783 Βακχᾶν
3243 702 3545 767 continuo
3592 723 3820 770 versus
3866 705 4137 772 Jonicus

498 803 605 867 sit.
699 803 828 867 Pro
877 803 984 863 ἀνά
1031 801 1093 863 δέ
1145 801 1351 888 βακχὲᾳ
1395 804 1762 869 Boeckhius
1828 804 1895 870 in
1951 805 2115 871 libro
2163 805 2244 870 de
2291 806 2687 886 principibus
2753 826 2813 886 p.
2854 811 2978 870 311
3030 806 3221 871 aliam
3269 806 3608 872 lectionem
3671 810 3889 893 affert,
3948 832 4137 894 quam

500 927 705 990 neque
754 909 1022 987 codices,
1073 915 1147 975 ut
1191 909 1470 990 videtur,
1520 930 1727 992 neque
1774 911 2056 976 editores
2104 911 2429 976 exhibent.
2525 912 2723 992 Legit
2770 911 2938 975 enim

1353 1019 1475 1096 ἅμα
1522 1015 1584 1078 δὲ
1636 1015 1874 1103 βακχείᾳ
1922 1021 2171 1100 συντόνῳ

1362 1126 1609 1209 κέρασαν
1656 1123 1878 1207 ἡδυβόᾳ
1924 1121 2197 1210 Φρυγίων.

822 1230 1054 1295 Nescio
1113 1229 1281 1295 unde
1328 1231 1693 1295 Boeckhius
1760 1230 2106 1312 sumpserit
2168 1229 2356 1296 illud:
2429 1232 2553 1310 ἅμα
2607 1229 2670 1291 δέ
2734 1228 2973 1314 βακχείᾳ
3039 1232 3287 1314 συντόνιρ
3336 1234 3604 1316 κέρασαν.
3699 1221 3930 1299 Melius
3978 1255 4133 1301 sane

500 1338 715 1419 placet
760 1338 868 1397 ἀντὶ
913 1335 975 1398 δὲ
1026 1339 1301 1423 κέρασαν,
1360 1337 1634 1418 primum
1693 1337 1860 1417 quod
1919 1340 2330 1423 ἀνακεραννυμι
2376 1336 2799 1418 Euripideum
2864 1343 2994 1422 est,
3044 1336 3276 1403 deinde
3324 1339 3491 1417 quod
3547 1339 3612 1403 in
3670 1340 3784 1405 illa
3830 1341 4134 1407 antistro-

498 1445 627 1525 pha
688 1443 887 1508 tertia
942 1445 1172 1508 chorus
1227 1444 1517 1525 exponit,
1579 1446 1890 1524 quomodo
1945 1443 2258 1526 paulatim
2318 1443 2719 1509 diversorum
2782 1444 3166 1509 musicorum
3228 1444 3802 1511 instrumentorum
3859 1467 4013 1513 usus
4072 1451 4137 1515 in

503 1550 887 1615 Bacchicum
936 1550 1177 1615 cultum
1226 1550 1596 1631 irrepserit,
1656 1571 1782 1616 non
1831 1551 2061 1630 quibus
2109 1550 2557 1615 instrumentis
2602 1569 2727 1615 uno
2776 1550 3121 1631 eodemque
3185 1554 3472 1632 tempore
3517 1552 3795 1613 θιασῶται
3843 1553 3945 1618 usi
3978 1554 4133 1619 sint.

496 1657 810 1722 Fortasse
867 1658 1028 1722 haec
1085 1657 1277 1722 lectio
1340 1660 1463 1737 ἅμα
1515 1655 1579 1718 δέ
1628 1694 1711 1703 -
1763 1660 2009 1743 κέρασαν
2077 1676 2158 1721 ex
2203 1677 2299 1724 vs.
2358 1664 2481 1723 152
2532 1662 2678 1722 orta
2724 1663 2853 1737 est,
2918 1656 3027 1722 uhi
3073 1657 3374 1738 legimus:
3444 1661 3566 1737 ἅμα
3635 1658 3777 1720 δ’έπ’
3829 1658 4137 1739 εὐασμασιν

497 1761 779 1849 ἐπιβρέμει
824 1763 1030 1825 τοιαόε.
1126 1763 1174 1825 ὦ
1230 1764 1313 1826 ἴτε
1366 1762 1619 1849 Βάκχαι,
1685 1763 1768 1829 ad
1816 1783 2003 1844 quem
2060 1782 2318 1829 versum
2366 1763 2656 1829 nonnulli
2713 1783 2862 1829 mss.
2914 1764 3164 1830 addunt
3228 1763 3314 1825 ἐπὶ
3361 1764 3518 1846 laxs?
3569 1767 3730 1850 ἠχεῖ,
3797 1765 3994 1845 quod,
4067 1771 4139 1830 ιιι

498 1869 865 1935 Boeckhius
912 1870 1089 1952 dicit,
1136 1871 1322 1936 varia
1366 1870 1558 1937 lectio
1605 1870 1903 1935 diversae
1948 1870 2244 1935 lectionis
2290 1871 2554 1936 videtur
2599 1889 2741 1936 esse
2774 1871 2858 1936 ad
2904 1870 3064 1935 illud
3112 1871 3198 1932 ἐπ’
3251 1870 3575 1950 εὐάσμασιν.

820 1977 1128 2042 Venimus
1193 1978 1322 2042 iam
1379 1978 1467 2042 ad
1520 1977 1923 2059 praeclaram
1988 1976 2168 2041 illam
2220 1978 2517 2058 epodum,
2588 1978 2657 2042 in
2720 1996 2847 2058 qua
2900 1978 3128 2043 chorus
3183 1979 3438 2043 beatam
3507 1982 3744 2042 sortem
3804 1978 4140 2058 praedicat

501 2101 721 2149 earum
769 2088 1107 2170 terrarum,
1156 2084 1224 2149 in
1268 2084 1499 2165 quihus
1545 2085 1842 2152 Bacchus
1890 2089 2067 2148 recte
2115 2088 2182 2148 et
2228 2083 2334 2165 pie
2384 2083 2644 2149 colitur:
2700 2084 2987 2166 „Laetus
3035 2084 3289 2165 quando
3322 2084 3387 2149 in
3419 2080 3741 2149 montibus
3776 2103 3858 2148 ex
3889 2084 4139 2149 choreis

501 2191 817 2255 celeribus
863 2190 1040 2255 humi
1087 2191 1409 2271 proiectus
1455 2191 1788 2269 recumbit,
1860 2190 2110 2255 hinnuli
2156 2195 2425 2271 gestans
2473 2208 2724 2255 sacram
2770 2194 3050 2269 vestem,
3119 2210 3262 2255 cum
3314 2196 3595 2256 venatur
3639 2190 3896 2255 caedem
3945 2190 4138 2255 hirci·
4174 2262 4186 2268 p

502 2315 681 2374 nam,
751 2297 983 2362 crudas
1032 2298 1366 2379 epularum
1413 2298 1704 2374 deliciaS‚
1771 2297 1837 2362 in
1884 2300 2134 2361 montes
2180 2297 2520 2379 Phrygios,
2588 2297 2832 2380 Lydios
2879 2297 3181 2376 tendenS,
3251 2295 3548 2362 Bromius
3596 2303 3812 2363 autem
3860 2298 4139 2363 clamare

504 2402 734 2483 incipit
782 2402 914 2464 εὐοῖ.
1011 2404 1193 2469 Fluit
1223 2423 1377 2469 vero
1424 2404 1593 2468 lacte
1640 2409 1835 2480 terra,
1887 2402 2032 2467 fluit
2078 2404 2227 2468 vino
2275 2408 2344 2468 et
2389 2411 2655 2470 nectare
2704 2422 2892 2485 apum
2923 2408 2993 2468 et
3024 2403 3276 2485 Syriaci
3311 2409 3637 2484 tamquam
3672 2403 3880 2468 thuris
3929 2402 4140 2469 fumus

497 2509 647 2575 inde
693 2509 1006 2578 ascendit.
1100 2511 1249 2592 Ipse
1299 2515 1513 2575 autem
1561 2510 1855 2575 Bacchus
1920 2516 2185 2590 gestans
2244 2510 2619 2575 rutilantem
2666 2497 2985 2574 flammam
3051 2509 3212 2574 facis
3268 2509 3519 2576 ferulae
3582 2509 3843 2575 affixam
3901 2509 4140 2590 impetu

496 2616 723 2697 fertur,
775 2618 1000 2682 choros
1054 2621 1371 2698 vagantes
1419 2617 1758 2682 stimulans
1815 2621 1881 2681 et
1936 2617 2323 2682 clamoribus
2370 2617 2664 2682 excitans
2685 2667 2699 2694 ,
2749 2616 3064 2681 delicatas
3122 2634 3334 2681 comas
3401 2615 3468 2682 in
3533 2622 3749 2682 aerem
3805 2636 4136 2698 spargens,

501 2721 701 2788 Simul
749 2742 889 2788 cum
936 2723 1289 2789 ululatibus
1336 2724 1498 2788 talia
1541 2723 1852 2788 infremit:
1924 2724 1977 2788 O
2026 2723 2120 2788 ite
2165 2724 2488 2803 Bacchae,
2540 2725 2631 2789 ite
2677 2723 3003 2803 Bacchae,
3071 2722 3280 2788 Tmoli
3326 2741 3483 2788 auro
3531 2722 3792 2788 fluentis
3840 2723 4129 2802 deliciae,

502 2830 718 2895 canite
763 2829 1087 2896 Bacchum
1146 2849 1289 2896 cnm
1335 2831 1664 2912 tympanis
1710 2830 2146 2910 ε(ςιειιιᾶιεοιιιε,
2213 2849 2370 2895 euoe
2417 2830 2630 2896 evium
2677 2831 3082 2895 celebrantes
3127 2831 3362 2909 Deum,
3419 2829 3706 2911 Phrygio
3753 2830 4029 2895 clamore
4076 2835 4144 2894 et

498 2936 978 3017 vociferatione,
1029 2938 1284 3019 quando
1333 2938 1744 3003 dulcisonans
1787 2955 1975 3002 sacra
2020 2936 2241 3003 fistula
2288 2956 2507 3002 sacros
2553 2936 2739 3002 ludos
2786 2941 2977 3002 sonat
3012 2954 3325 3018 congruos
3359 2936 3824 3001 cursitantibus
3856 2937 3923 3002 in
3967 2955 4142 3001 mon·

500 3049 650 3123 tem,
700 3044 767 3110 in
815 3050 1109 3110 montem.
1205 3045 1517 3110 Gaudens
1563 3063 1716 3110 vero
1771 3044 1954 3109 velut
2000 3043 2271 3125 equinus
2317 3044 2530 3124 pullus
2586 3061 2728 3108 cum
2780 3048 2988 3107 matre
3035 3061 3154 3108 sua
3199 3047 3508 3124 pascente
3558 3042 3819 3108 Baccha
3865 3043 4143 3108 celerem

504 3153 729 3234 pedem
776 3152 986 3232 agitat
1033 3151 1549 3217 saltationibus.“

822 3259 1057 3322 Statim
1104 3259 1172 3323 in
1217 3259 1419 3340 primo
1464 3277 1658 3325 versu
1697 3264 1840 3336 140,
1902 3258 2010 3324 ubi
2058 3257 2310 3323 codices
2356 3258 2600 3322 habent
2645 3253 2784 3340 ἡδὺς
2844 3256 2904 3317 έν
2951 3255 3165 3341 οὔρεσιν
3212 3256 3348 3315 ὅταν
3395 3256 3583 3321 varia
3630 3275 3670 3320 a
3728 3256 3890 3321 viris
3938 3256 4143 3321 doctis

502 3369 761 3429 tentata
808 3369 978 3430 sunt.
1090 3365 1380 3446 Vulgata
1424 3364 1618 3430 lectio
1665 3370 1791 3429 est:
1842 3362 1983 3448 ἡδὺς
2029 3365 2090 3424 έν
2137 3365 2340 3450 ὄρεσιν.
2438 3362 2855 3445 Mnsgravius
2888 3362 3252 3428 coniecerat
3284 3362 3422 3446 ἦδος
3452 3361 3519 3427 ιιι
3555 3361 3879 3428 montibus
3925 3363 4143 3442 volup-

500 3476 633 3550 taS,
705 3472 1083 3552 ElmsleJ'uS,
1147 3477 1219 3536 ut
1275 3472 1516 3553 epodus
1562 3472 1809 3536 duobus
1855 3470 2145 3552 paeoniis
2191 3469 2536 3552 inciperet,
2599 3469 3008 3536 scribendum
3056 3473 3405 3550 putaverat
3450 3471 3686 3553 ὄρεσσιν.
3797 3470 3844 3535 J
3847 3470 4143 3535 acobsius

503 3579 764 3657 (Exere.
825 3578 969 3644 crit.
1020 3579 1071 3656 I,
1126 3575 1281 3661 146)
1338 3579 1540 3643 verba
1588 3578 1648 3639 ἐν
1705 3579 1887 3662 ὄρεσιν
1934 3578 2069 3638 ὅταν
2118 3577 2183 3638 έκ
2250 3577 2468 3637 θιάσων
2513 3575 2794 3662 ὃρομαίων
2839 3577 2986 3657 πέσῃ
3047 3574 3250 3636 πεδόσε
3297 3574 3366 3639 ιιι
3413 3575 3792 3656 parenthesi
3846 3576 4143 3657 ponenda

504 3691 747 3750 censet.
855 3685 1103 3750 Novam
1156 3685 1630 3765 interpretandi
1688 3685 1859 3750 viam
1919 3685 2330 3749 Hermannus
2386 3682 2720 3765 ingressus
2777 3686 2905 3762 est,
2975 3682 3085 3763 qui
3153 3701 3402 3764 negans
3465 3683 3625 3746 haec
3690 3682 3899 3763 prima
3955 3680 4144 3762 epodi

506 3794 708 3858 verba
754 3792 839 3856 ad
886 3793 1211 3857 Bacchum
1258 3791 1505 3870 referri,
1559 3792 1773 3872 potius
1820 3791 2022 3856 refert
2068 3791 2149 3855 ad
2198 3810 2327 3869 eOS,
2379 3791 2487 3871 qui
2521 3792 2741 3855 colunt
2787 3795 2855 3854 et
2901 3795 3238 3855 sectantur
3266 3791 3495 3866 Deum,
3544 3789 3712 3868 quod
3757 3788 3950 3870 paulo
3997 3793 4145 3869 post

503 3904 697 3980 poeta
742 3899 916 3964 dicat
964 3899 993 3959 ὁ
1040 3887 1346 3984 δ’έξαρχος
1394 3896 1635 3984 Βρόμιος
1682 3898 1815 3960 εὐοῖ.
1918 3898 2098 3979 „Non
2147 3897 2346 3976 enim,
2396 3896 2608 3977 inquit
2648 3897 3086 3974 HermannuS,
3156 3896 3212 3960 si
3260 3895 3340 3960 de
3386 3895 3525 3976 ipso
3574 3894 3934 3973 dicebatur,
4001 3894 4141 3972 ipse

511 4005 637 4070 sibi
681 4005 913 4087 opponi
964 4006 1196 4086 potuit,
1246 4024 1328 4069 ne
1361 4023 1841 4070 commemorem
1872 4005 2143 4086 epodum
2187 4023 2355 4069 nova
2386 4009 2582 4083 atque
2612 4003 2868 4084 integra
2910 4002 3237 4067 sententia
3283 4002 3571 4082 incipere
3617 3998 3906 4064 debere.“
4003 3998 4139 4063 Ita-

507 4132 631 4193 que
677 4131 808 4176 una
872 4112 1065 4177 litera
1120 4110 1347 4176 addita
1400 4111 1595 4177 scribi
1642 4112 1787 4178 vult
1851 4112 1914 4181 ὃς
1961 4113 2112 4182 τ’ἄν,
2175 4130 2303 4192 qua
2365 4110 2689 4192 scriptura
2734 4109 3006 4190 primum
3051 4128 3279 4174 versus
3326 4107 3682 4189 dactylicus
3731 4106 4139 4186 restituatur,

508 4220 615 4299 qui
665 4219 999 4299 aptissime
1055 4237 1197 4283 cum
1245 4218 1661 4298 sequentibus
1714 4218 1995 4283 numeris
2043 4217 2407 4286 concordat.
2505 4217 2704 4283 Simul
2753 4221 2966 4281 autem
3016 4215 3288 4282 indicari
3334 4214 3493 4279 dicit
3539 4215 3618 4279 de
3675 4232 3798 4294 quo
3843 4213 4146 4294 loquatur

512 4326 762 4404 chornS,
810 4326 982 4406 quod
1026 4326 1223 4390 aliter
1266 4344 1529 4406 prorsus
1576 4326 1890 4390 incertum
1940 4323 2122 4390 foret.
2218 4325 2486 4390 Sensum
2535 4323 2740 4406 igitur
2785 4342 2956 4389 esse:
3005 4320 3335 4387 Laetitiae
3365 4322 3594 4403 plenus
3626 4326 3745 4400 est,
3795 4320 3863 4386 in
3893 4324 4141 4385 montes

515 4433 750 4513 quique
797 4452 877 4497 ex
923 4433 1249 4498 velocibus
1296 4432 1525 4496 thiasis
1572 4431 1639 4496 in
1688 4451 1944 4513 campos
1991 4449 2131 4497 sese
2179 4431 2543 4497 contulerit.
2699 4496 2712 4500 -

832 4540 1016 4604 Haec
1062 4539 1431 4604 coniectura
1496 4538 1697 4619 digna
1762 4539 2017 4618 quidem
2065 4541 2168 4603 est
2213 4538 2572 4603 Hermanni
2621 4523 2986 4618 sagacitate
3033 4538 3100 4600 et
3145 4535 3422 4618 ingeniO,
3472 4553 3678 4614 neque
3721 4539 3939 4599 tamen
3987 4551 4145 4598 vera

510 4644 789 4710 videtin:
903 4645 1189 4710 Primum
1246 4645 1411 4711 enim
1460 4646 1635 4711 nullo
1682 4645 1866 4710 modo
1913 4644 2082 4710 mihi'
2124 4643 2502 4726 persuaderi
2549 4647 2768 4726 potest
2825 4639 2966 4726 ἡδὺς
3024 4642 3109 4707 ad
3155 4643 3351 4707 alium
3399 4646 3597 4721 atque
3653 4639 3738 4705 ad
3783 4638 4144 4720 Dionysum

510 4751 837 4833 pertinere
883 4770 1088 4842 neque
1135 4752 1458 4818 artissime
1507 4750 1692 4833 epodi
1739 4751 1993 4817 initium
2040 4770 2181 4817 cum
2228 4751 2354 4817 fine
2400 4750 2635 4816 tertiae
2699 4750 2956 4815 antistr.
3021 4749 3549 4830 coniungendum.
3644 4745 3897 4812 Deinde
3944 4747 4145 4813 verba

844 4847 1383 5274 ,R
