4542 5659
172 3537 239 3606 ,s

118 3641 149 3660 l

240 3491 283 3534 s

286 3385 383 3482 s

2285 271 2418 335 XX

535 484 742 548 verba
799 489 1051 549 mutare
1109 489 1367 547 coactus
1426 486 1545 548 est.
1638 482 2097 564 Languet-ille
2144 482 2405 546 dativus
2453 481 2594 555 ποδί,
2661 483 2844 562 quasi
2891 484 2974 547 ad
3039 490 3421 555 currendum
3470 492 3616 558 aliis
3661 495 3931 561 artubus
3979 503 4177 577 atque

538 590 809 672 pedibus
838 590 952 654 -uti
997 607 1347 670 possemus,
1440 591 1664 669 Neque
1719 588 1881 654 illud
1927 589 2168 671 placet,
2238 589 2406 668 quod
2456 587 2521 653 in
2566 606 2627 653 v.
2682 593 2828 658 141.
2890 607 3012 670 quo
3069 591 3248 671 prior
3306 598 3494 676 epodi
3542 619 3693 681 pars
3742 603 4170 683 concluditur,

536 696 923 779 particulam
971 718 1035 778 γε
1082 695 1150 761 in
1199 717 1260 757 τε
1305 695 1545 761 mut-ari
1608 696 1777 775 vult,
1846 701 1919 760 ut
1967 693 2210 781 Βρόμιος
2266 693 2627 762 subiectum
2691 695 2893 760 totius
2950 697 3273 762 enuntiati
3321 701 3428 766 sit.
3523 706 3728 772 Recte
3785 710 3954 776 enim
4001 711 4173 777 Her-

534 821 807 868 maimus
841 802 1001 867 dicit
1031 803 1116 867 ad
1148 803 1414 869 verbum
1462 791 1711 888 ἔΞαρχος
1757 801 2180 884 supplendum
2227 821 2371 867 esse
2419 801 2535 863 ἐστι
2580 821 2964 884 sensumque
3011 822 3183 869 esse:
3235 805 3264 867 ὁ
3313 804 3376 866 δὲ
3427 805 3665 892 Βρόμιος
3713 803 4026 901 &Sap-sptem
4071 824 4173 879 τοῦ

537 909 654 972 εὐοῖ
697 909 901 990 λέγειν.
994 909 1441 975 Weckleinius
1500 927 1749 990 quoque
1806 909 1976 974 hunc
2038 909 2245 974 locum
2312 907 2476 974 falso
2522 908 2780 975 videtur
2840 909 3261 991 intellexisse,
3323 913 3653 995 explicans
3714 917 3902 985 deum
3959 924 4171 989 excla-

535 1035 713 1080 mare
765 1013 1001 1102 Βρόμιος
1050 1015 1226 1077 εὐοί.“

858 1141 1169 1224 Majorem
1216 1140 1681 1206 dubitationem
1729 1148 1990 1206 movent
2035 1142 2235 1207 verba
2284 1159 2449 1220 quae
2480 1144 2627 1222 post
2657 1141 2826 1207 hunc
2856 1160 3115 1208 venium
3160 1151 3528 1225 sequuntur.
3624 1147 3950 1213 Habemus
3998 1153 4168 1218 enim

533 1253 681 1329 post
745 1248 1079 1328 pulchrum
1136 1247 1458 1314 heroicum
1513 1267 1769 1314 versum
1839 1250 1924 1332 ρἐῖ
1977 1246 2038 1309 ’δὲ
2103 1247 2345 1329 γάλακτι
2409 1246 2594 1318 πέδον,
2662 1250 2749 1331 ῥεῖ
2793 1246 3014 1331 δὀἴνῳ,
3068 1252 3153 1334 ρἐῑ
3198 1249 3260 1313 δὲ
3310 1251 3585 1329 μελισσᾶν
3628 1273 3886 1319 versum
3942 1264 4169 1337 aperte

534 1355 935 1421 mut-ilatum:
984 1359 1205 1442 νέκταρι
1235 1352 1441 1442 Συρίας
1472 1356 1553 1426 ὡς
1596 1354 1830 1438 ’λιβάνου
1876 1360 2105 1426 καπνός,
2155 1373 2422 1436 quorum
2469 1354 2808 1419 verborum
2841 1373 3096 1420 sensum
3129 1363 3308 1423 recte
3340 1358 3577 1426 Portus
3611 1362 3896 1442 explicat
3925 1363 4170 1429 fumum

535 1467 866 1543 tamquam
931 1462 1182 1546 Syriaci
1247 1462 1412 1528 turis
1487 1463 1638 1528 inde
1697 1463 1945 1544 spirare
2004 1462 2241 1548 (,‚Duit
2305 1460 2664 1538 verbreitet
2722 1461 2857 1526 sich
2915 1461 3039 1528 wie
3103 1482 3230 1529 von
3276 1464 3630 1547 syrischem
3675 1458 4168 1554 Weihraucli“).

532 1569 635 1635 Ad
691 1571 959 1636 verbum
1018 1569 1186 1650 quod
1243 1569 1430 1635 deest
1493 1570 1915 1652 supplendum
1965 1568 2275 1634 Reiskius
2339 1567 2683 1650 legendum
2749 1573 3118 1633 censuerat:
3187 1567 3393 1656 Συρίας
3458 1571 3796 1654 δ’ώλιβάνου
3846 1575 4056 1647 καπνὸς
4105 1577 4173 1639 ἐκ

534 1679 826 1761 νάρθηκος
872 1677 1070 1737 ἀΐσσει.
1165 1676 1272 1741 Ad
1318 1695 1508 1755 quam
1558 1676 1916 1757 opinionem
1964 1680 2141 1741 recte
2186 1674 2537 1740 Elmsleius
2585 1673 2770 1753 dicit,
2835 1680 2912 1739 ut
2959 1674 3063 1740 hic
3106 1694 3335 1742 versus
3382 1679 3726 1744 transferri
3773 1682 4005 1763 possit,
4056 1689 4176 1748 aut

535 1780 780 1861 aliquid
828 1781 1071 1861 deesse,
1125 1788 1238 1847 aut
1287 1784 1492 1866 ῥίπτων
1536 1802 1597 1848 v.
1655 1790 1777 1848 150
1827 1782 1895 1849 in
1945 1785 2115 1866 ρ’·ἶπτει
2161 1780 2538 1846 mutandum
2586 1798 2748 1845 esse.
2842 1781 2975 1846 Alii
3032 1782 3180 1842 ἐστίν
3227 1785 3652 1866 supplendum
3698 1806 3842 1851 esse
3888 1795 4169 1859 monent.

859 1907 1201 1972 Wecklein
1267 1906 1542 1987 denique
1606 1907 1991 1988 particulam
2038 1906 2119 1977 ὡς
2183 1912 2389 1972 ortam
2451 1923 2595 1970 esse
2651 1910 2841 1986 putat
2911 1927 2990 1972 ex
3037 1891 3285 1993 θριέ)σκει
3331 1913 3399 1974 et
3454 1909 3587 1991 legi
3633 1913 3802 1977 vult:
3853 1908 4059 1998 Συρίας
4108 1912 4170 1975 δὲ

536 2013 785 2098 ὓρώσκει
832 2011 1069 2095 Λιβάνου
1119 2017 1357 2086 καπνός,
1422 2020 1498 2079 ut
1542 2014 1766 2095 Eurip.
1838 2013 1998 2079 dicit
2058 2013 2217 2078 Hec.
2282 2020 2441 2077 823:
2512 2009 2718 2072 καπνὸν
2773 2011 2833 2074 δὲ
2890 2014 3114 2084 πόλεως
3178 2014 3328 2076 τόνδ’
3398 2015 3864 2103 haesitatum?
3932 2021 4045 2104 ὁρῶ
4104 2027 4174 2085 et,

532 2119 618 2184 ad
662 2117 893 2201 λίβανον
959 2119 1147 2186 affert
1204 2121 1445 2204 Phryn.
1496 2141 1556 2202 p.
1612 2127 1766 2186 187:
1816 2119 2046 2202 λίβανον
2100 2120 2256 2202 λέγει
2314 2119 2378 2179 τὸ
2439 2116 2697 2204 δένδρον,
2764 2120 2828 2180 τὸ
2894 2120 2953 2182 δέ
3013 2122 3374 2202 θυμιώμενον
3427 2122 3768 2205 λιβανωτόν,
3831 2128 3880 2187 εἰ
3945 2125 4039 2188 καὶ
4083 2126 4170 2187 διά

533 2227 639 2310 τὴν
700 2226 989 2312 ποιητικὴν
1050 2226 1299 2312 (ἄδειαν)
1362 2227 1595 2309 λίβανον
1652 2227 1745 2289 καὶ
1804 2235 1969 2290 τοῦτο
2017 2225 2331 2313 Σοφοκλῆς
2395 2227 2570 2310 λέγει.
2677 2226 2784 2292 Ad
2839 2246 3095 2293 sensum
3159 2230 3351 2308 bene,
3417 2249 3624 2310 neque
3685 2251 3839 2296 vero
3895 2240 4171 2315 apparet

533 2334 846 2413 quomodo
893 2334 1174 2419 θρώσκει,
1223 2335 1281 2398 si
1327 2336 1582 2414 quidem
1630 2354 1855 2400 verum
1903 2334 2055 2414 fuit,
2122 2333 2362 2399 mutari
2409 2331 2705 2414 potuerit
2751 2333 2818 2398 in
2865 2333 2964 2409 ὡς,
3013 2340 3080 2400 et
3126 2335 3326 2417 ipsam
3393 2337 3776 2417 particulam
3823 2338 3904 2410 ὡς
3947 2359 4169 2406 neces·

534 2440 775 2504 sariam
823 2459 965 2506 esse
1011 2447 1169 2523 puto
1217 2447 1483 2523 propter
1529 2442 1756 2525 Syriae
1805 2441 2487 2507 commemorationem.
2580 2441 2728 2504 Mea
2760 2440 3017 2520 quidem
3049 2442 3377 2507 sententia
3408 2442 3513 2509 hic
3543 2462 3771 2509 versus
3801 2445 3897 2510 ita
3927 2465 4167 2512 sanan-

531 2548 649 2612 dus
708 2553 837 2625 est,
906 2551 981 2612 ut
1046 2548 1277 2613 iterum
1326 2555 1441 2614 aut
1496 2549 1871 2614 hexameter
1933 2554 2047 2614 aut
2111 2555 2494 2614 tetrameter
2542 2548 2900 2629 dactylicus
2958 2549 3217 2614 existat.
3337 2550 3656 2616 Numerus
3711 2551 3879 2617 enim
3938 2553 4165 2634 dacty-

530 2653 721 2733 licus,
783 2654 890 2734 qui
947 2675 1067 2737 per
1112 2660 1317 2720 totam
1365 2657 1532 2721 hanc
1592 2656 1861 2736 epodum
1910 2655 2289 2734 effunditur,
2352 2655 2518 2720 male
2565 2654 2686 2718 hoc
2732 2672 2925 2719 versu
2970 2655 3477 2736 interrumpitur,
3529 2656 3606 2722 cf.
3657 2676 3761 2724 vv,
3816 2664 3970 2724 139:
4022 2660 4170 2740 αἷμα

529 2763 923 2846 τραγοκτόνον,
972 2760 1280 2848 (ι’)μοφάγον
1327 2767 1507 2849 χάριν,
1562 2769 1711 2827 154:
1764 2761 2017 2843 Τμώλου
2064 2766 2378 2849 χρυσορόου
2427 2761 2625 2847 χλιδᾷς
2695 2766 2819 2825 165
2871 2782 2996 2843 Sq.:

1390 2891 1465 2956 εἰς
1513 2889 1640 2973 ὅρος
1688 2886 1942 2970 ἡδομένα
1987 2886 2155 2973 δ’ᾶρα

1387 2993 1582 3063 πῶλος
1629 2993 1780 3063 ὅπως
1827 2997 1948 3073 ἅμα
1997 2996 2193 3079 ματέρι
2238 2993 2476 3080 φορβάδι

1389 3100 1579 3161 κῶλον
1625 3095 1750 3182 ἄγει
1793 3101 2077 3185 ταχύπουν
2126 3105 2462 3186 σκιρτήμασι
2511 3099 2732 3187 Βάκχα.

602 3223 931 3318 s-s‘1n
999 3243 1195 3289 versu
1258 3231 1401 3303 154,
1474 3243 1662 3305 quem
1726 3226 1919 3306 paulo
1974 3233 2127 3291 ante
2194 3226 2427 3305 attuli,
2503 3225 2945 3292 Weckleinius
3009 3245 3124 3307 pro
3182 3225 3435 3306 Τμώλου
3493 3226 3660 3307 quod
3718 3227 3870 3293 libri
3923 3229 4172 3296 habent

384 3321 794 3411 F-§firipgit
863 3328 1222 3404 limatam,
1293 3332 1376 3396 ad
1446 3336 1756 3418 χρυσορόου
1819 3332 2094 3398 afferens
2151 3332 2393 3400 Herod.
2456 3332 2534 3412 V,
2591 3340 2746 3398 101:
2818 3333 2915 3393 τόν
2973 3330 3296 3395 Πακτωλὸν
3354 3333 3638 3413 ποταμόν,
3706 3334 3770 3404 ὃς
3819 3356 3912 3419 σφι
3959 3337 4167 3420 ψῆγμα

530 3443 741 3523 χρυσοῦ
790 3440 1163 3524 καταφορέων
1219 3438 1285 3501 ἐκ
1349 3445 1449 3500 τοῦ
1496 3438 1751 3519 Τμιί)λου
1798 3439 1884 3501 διά
1933 3443 2115 3525 μέσης
2161 3448 2268 3525 τῆς
2315 3441 2529 3526 ἀγορῆς
2579 3442 2692 3522 ῥέει
2741 3445 2809 3505 et
2851 3441 3042 3523 Soph.
3077 3441 3244 3505 Phil.
3282 3446 3441 3506 393:
3494 3438 3818 3502 Πακτωλὸν
3870 3441 4165 3527 εὔχρυσον.

530 3544 733 3609 Putat
797 3544 967 3609 enim
1031 3549 1375 3633 χροσόρρους
1420 3566 1546 3611 non
1595 3545 1675 3610 de
1722 3551 1954 3624 monte,
2023 3545 2139 3611 sed
2202 3546 2285 3612 de
2342 3545 2539 3612 fluvio
2585 3553 2838 3612 tantum
2886 3548 3013 3613 dici
3058 3565 3279 3628 posse,
3339 3564 3484 3612 cum
3539 3566 3667 3613 non
3714 3546 3913 3614 fluere
3959 3550 4169 3630 possit

532 3650 599 3715 id
645 3650 724 3715 de
772 3669 896 3731 quo
943 3652 1048 3718 vel
1094 3650 1162 3718 in
1209 3671 1332 3733 quo
1381 3653 1625 3734 aliquid
1671 3653 1833 3719 fluit.
1927 3653 2117 3718 Hanc
2175 3651 2536 3733 opinionem
2605 3655 2940 3735 probarem
2987 3654 3052 3718 in
3099 3673 3296 3735 prosa
3342 3654 3660 3732 oratione,
3711 3673 3830 3720 nec
3875 3674 4031 3721 vero
4077 3656 4165 3720 ad

531 3757 770 3839 tragici
818 3757 1128 3824 sermonis
1174 3778 1467 3841 pompam
1513 3759 1839 3841 pertinere
1885 3766 2072 3842 put0‚
2140 3759 2472 3830 liberiores
2531 3759 2785 3826 dicendi
2851 3760 3136 3826 rationes
3185 3759 3530 3841 sequentis
3629 3759 3889 3843 Quanta
3945 3767 4164 3827 autem

530 3862 834 3930 libertate
880 3864 1115 3948 tragici
1159 3871 1389 3947 poetae
1436 3867 1780 3948 praecipue
1825 3866 1892 3932 in
1958 3886 2078 3932 usu
2124 3868 2586 3933 attributorum
2633 3866 3125 3948 compositorum
3188 3866 3289 3931 usi
3334 3864 3499 3944 sint,
3565 3867 3827 3948 longum
3891 3872 3994 3930 est
4056 3867 4166 3929 hic

531 3971 899 4038 accuratius
964 3991 1300 4053 exponere.
1396 3973 1627 4039 Liceat
1694 3980 1946 4041 tantum
1994 3974 2063 4039 in
2127 3992 2252 4049 uno
2299 3974 2631 4055 Sophoclis
2676 3975 2815 4039 loco
2879 3973 3140 4054 paulum
3204 3973 3587 4053 subsistere,
3653 3972 3762 4051 qui
3825 3968 4164 4051 egregium

529 4079 889 4160 exemplum
935 4078 1256 4144 liberioris
1302 4080 1606 4146 attributi
1653 4099 1807 4146 usus
1854 4083 2146 4162 praebet.

848 4203 929 4269 In
993 4205 1262 4269 Electra
1330 4204 1497 4271 enim
1545 4205 1874 4287 Sophoclis
1938 4226 1999 4272 v.
2055 4212 2221 4271 1391
2276 4224 2367 4286 sq.
2418 4206 2649 4271 chorus
2698 4206 2778 4270 de
2825 4205 3085 4286 Oreste,
3146 4203 3256 4283 qui
3320 4202 3387 4268 in
3442 4201 3695 4266 domum
3742 4201 4019 4268 intravit
4074 4201 4164 4268 ad

532 4314 805 4374 matrem
853 4309 1380 4390 interficiendam,
1431 4311 1592 4377 dicit
1635 4313 1823 4377 haec:

1386 4440 1693 4522 παράγεται
1739 4438 1844 4523 γάρ
1894 4437 2100 4523 ἐνέρων

1384 4542 1678 4614 δολιόπους
1724 4544 1947 4630 ἀρωγός
1994 4545 2131 4605 εἴσω
2180 4545 2386 4626 στέγας

1386 4651 1807 4737 ἀρχαιόπλουτα
1854 4651 2064 4738 πατρὸς
2114 4653 2194 4722 εἰς
2242 4651 2449 4713 ἑδώλια

1387 4762 1733 4842 νεακόνητον
1781 4759 1922 4839 αἷμα
1969 4766 2172 4845 χειροῖν
2219 4759 2390 4843 ἔχων.
