4542 5659
2158 349 2292 414 VII

412 571 651 649 iuvari,
706 569 867 634 libet
921 567 989 633 in
1035 566 1301 648 p1ologo
1349 563 1821 646 simplicissime
1868 582 1973 629 661
1975 563 2111 645 ipto
2160 562 2444 628 11111611.··ι
2542 563 2685 630 Hoc
2732 561 2990 644 quidem
3038 565 3217 628 recte
3264 560 3447 641 dixit,
3498 564 3717 627 tamen
3763 560 4044 630 nondum

413 697 649 758 01111166,
699 695 865 782 quae
897 673 1143 756 legenti
1175 676 1542 752 occurrunt,
1592 670 2017 738 difficultates
2050 670 2332 749 sustulit,
2367 688 2575 750 neque
2617 671 2893 751 probare
2939 688 3198 750 possum
3246 688 3390 734 eum
3436 669 3606 734 hunc
3652 687 3908 736 versum
3959 674 4042 733 20

413 786 717 852 eiecisse:
770 775 850 850 ὲις
896 780 1061 865 τήνδε
1109 801 1297 866 πρωτο
1301 804 1330 839 ν
1376 779 1565 863 ἦὶῦον
1604 777 1962 862 ‘EM-fimo»
1945 779 2069 839 ο-76
2073 802 2131 850 ν,
2178 777 2245 842 111
2293 795 2420 858 qua
2469 776 2778 857 primaria
2810 776 2995 857 quasi
3038 776 3366 842 sententia
3399 776 3601 841 totius
3647 775 4048 842 narrationis

413 892 858 969 contineatur,
925 906 1066 954 cum
1123 906 1342 952 omnes
1398 886 1554 951 illae
1611 905 1743 966 166,
1813 903 1978 965 quae
2038 884 2303 950 levioris
2361 884 2666 949 momenti
2723 889 2901 965 sunt,
2970 884 3329 966 participiis
3389 883 3684 958 6-670107,
3744 904 4047 968 χορευσας

415 1023 520 1061 κα
493 1002 781 1080 ατστῄσας
829 994 1290 1077 exprimantur.
1386 992 1769 1073 Priusquam
1829 997 2047 1057 autem
2122 1010 2330 1056 meam
2376 990 2579 1072 ipsius
2639 992 3062 1071 sententiam,
3102 990 3158 1057 si
3203 1011 3330 1072 qua
3377 996 3596 1057 tamen
3643 995 3766 1071 est,
3818 990 3900 1056 de
3947 989 4047 1055 his

412 1104 708 1172 versibus
755 1121 1087 1184 exponam,
1136 1100 1490 1178 videamus
1541 1100 1852 1179 quomodo
1899 1098 2012 1163 alii
2058 1097 2184 1164 viri
2232 1077 2405 1163 docti
2453 1099 2860 1179 corruptelae
2907 1099 3153 1164 mederi
3201 1098 3415 1164 conati
3463 1098 3614 1165 sint.

733 1211 937 1291 Pale)
980 1208 1232 1290 Anglus
1278 1207 1346 1272 in
1393 1206 1676 1272 editione
1725 1223 1843 1271 sua
1889 1205 2043 1271 anni
2093 1213 2261 1270 1858
2310 1206 2612 1271 lacunam
2659 1210 2805 1286 post
2851 1225 2910 1271 v.
2966 1213 3048 1270 22
3099 1205 3301 1271 statui
3347 1205 3509 1271 vult
3605 1206 3936 1271 Usenerus
3981 1204 4051 1270 in

412 1339 629 1387 museo
677 1318 991 1382 Rhenano
1038 1314 1143 1380 vol
1193 1320 1294 1394 23,
1345 1334 1406 1395 p.
1464 1320 1586 1377 158
1638 1313 1971 1378 existimat
2016 1317 2270 1377 tantum
2318 1317 2454 1377 tres
2501 1330 2731 1378 versus
2784 1318 2881 1392 13,
2937 1319 3038 1392 20,
3091 1319 3173 1378 26
3225 1311 3557 1394 Euripidis
3604 1331 3768 1392 esse,

1264 1417 1441 1481 λιπὼν
1485 1417 1548 1480 δὲ
1600 1417 1801 1479 Λυδῶν
1847 1419 1950 1489 τοὶς
1996 1419 2387 1503 πολυχρύσους
2432 1419 2572 1501 γύας

1273 1528 1352 1595 εἰς
1399 1525 1567 1609 τήνδε
1614 1532 1836 1612 πρῶτον
1883 1525 2068 1609 ἦλθον
2105 1523 2410 1610 “Ελλήν(ον
2455 1526 2634 1598 πόλιν,

1270 1632 1388 1694 ἐπεὶ
1434 1632 1747 1717 μ’ἀδελφαὶ
1792 1630 2008 1718 μητρὸς
2053 1634 2122 1702 ἃς
2168 1632 2351 1715 ἥκιστ’
2402 1632 2578 1717 ἐχρῆν
2582 1680 2864 1702 .....

1268 1740 1530 1800 Διόνυσον
1577 1738 1678 1800 οὐκ
1726 1739 1977 1824 ἔφασκον
2024 1739 2255 1824 ἐκφῦναι
2303 1740 2448 1809 Διός,

413 1854 694 1933 reliquos
739 1855 957 1916 autem
1004 1866 1233 1914 versus
1286 1852 1542 1911 14—19
1578 1851 1645 1911 et
1691 1852 1950 1910 21-25
2001 1851 2227 1927 postea
2277 1847 2529 1943 demum
2575 1865 2616 1912 a
2659 1847 2848 1911 docto
2895 1845 3108 1928 aliquo
3155 1846 3412 1912 additos
3461 1867 3606 1913 esse
3653 1847 4052 1914 narrationis

413 1957 904 2041 amplificandae
963 1974 1177 2022 causa.
1276 1953 1483 2040 Quam
1554 1952 1949 2018 sententiam
2014 1954 2287 2034 probare
2352 1973 2477 2019 non
2524 1973 2812 2035 possum,
2886 1972 3029 2019 cum
3095 1953 3209 2019 illa
3264 1955 3582 2035 116116110,
3646 1956 3702 2021 61
3766 1957 3904 2021 6016
3970 1955 4053 2021 ab

416 2065 735 2147 Euripide
780 2062 1073 2145 profecta
1122 2065 1324 2139 esset,
1375 2059 1567 2125 nimis
1614 2059 1801 2124 exilis
1848 2065 1916 2124 et
1960 2060 2208 2124 minuta
2255 2065 2460 2140 esset,
2520 2079 2663 2125 cum
2710 2064 2888 2124 totus
2934 2061 3236 2143 prolog-us
3282 2067 3512 2142 aperte
3559 2063 3809 2142 copiam
3854 2081 4056 2143 quan·

417 2174 567 2240 dam
614 2178 682 2237 et
713 2168 1202 2250 amplitudinem
1233 2166 1628 2232 narrationis
1660 2184 1818 2247 prae
1876 2185 1946 2232 se
1995 2165 2181 2233 ferat.
2279 2166 2620 2233 Facillima
2666 2166 2779 2231 illa
2825 2167 3099 2232 mutatio
3148 2186 3291 2232 esse
3337 2168 3617 2249 videtur,
3668 2188 3860 2250 quam
3906 2169 4057 2235 olim

416 2280 767 2345 Piersonus
800 2274 1226 2361 (Verisimilia
1257 2294 1317 2355 p.
1360 2271 1513 2356 122)
1562 2273 1894 2354 proposuit
1940 2292 2255 2355 quamque
2314 2274 2508 2339 etiam
2543 2274 2988 2339 Weckleinius
3036 2279 3103 2339 et
3148 2276 3563 2342 Collmannus
3593 2279 4054 2358 probaverunt,

415 2393 489 2452 ut
534 2405 596 2452 ν.
648 2391 731 2450 20
780 2390 927 2464 post
975 2389 1058 2447 22
1104 2386 1381 2463 ponatur
1427 2384 1495 2445 et
1539 2384 1685 2461 post
1729 2379 1919 2449 πόλεις
1964 2380 2059 2444 116
2105 2382 2538 2448 continuetur:

1274 2490 1437 2548 κάκεῖ
1481 2488 1761 2573 χορεύσας
1809 2486 1901 2548 καὶ
1948 2495 2314 2574 καταστήσας
2360 2490 2504 2571 ἐμάς

1271 2595 1532 2668 τελετάς,
1577 2593 1646 2654 ἵν’
1698 2595 1820 2681 εἴην
1867 2596 2128 2680 ἐμφανὴς
2172 2596 2387 2678 δαίμων
2436 2595 2673 2684 βροτοῖς,

1274 2706 1355 2773 εἰς
1401 2701 1570 2785 τήνδε
1616 2707 1836 2786 πρῶτον
1883 2703 2069 2786 ἦλθον
2106 2702 2405 2788 Ἑλλήνων
2449 2704 2608 2765 πολιν

1273 2811 1499 2895 πρώτας
1544 2808 1605 2870 δὲ
1655 2807 1855 2893 Θήβας
1903 2809 2069 2894 τῆςδε
2116 2818 2223 2894 γῆς
2258 2808 2597 2896 Ἑλληνίδος

1273 2904 1620 2988 ἀνωλόλυξα
1666 2915 1867 3002 νεβρίδ’
1917 2905 2140 3001 ἐξάψας
2185 2917 2356 3004 χροὸς

1279 3022 1489 3110 θύρσον
1537 3044 1599 3086 τε
1645 3021 1778 3092 δούς
1828 3025 1909 3092 εἰς
1955 3032 2120 3109 χεῖρα
2167 3027 2405 3085 κίσσινον
2455 3023 2627 3107 βέλος

740 3131 1157 3198 Weckleinus
1205 3135 1460 3196 tantum
1507 3150 1622 3212 pro
1668 3131 1824 3192 πολιν
1870 3131 2133 3213 scripsit
2179 3132 2386 3217 χθόνα,
2434 3133 2604 3213 quod
2636 3133 2954 3198 Stobaeus
3001 3133 3200 3198 habet
3255 3139 3322 3199 61
3369 3135 3539 3215 quod
3587 3136 3845 3217 saepius
3891 3137 4059 3222 χθών

420 3246 488 3306 et
534 3240 692 3309 πτολις
739 3243 1231 3305 commutantur.

741 3346 870 3412 Sed
933 3365 1013 3412 ne
1071 3346 1193 3411 hoc
1239 3345 1497 3426 quidem
1543 3344 1776 3425 placet.
1884 3346 2024 3410 Iam
2070 3345 2437 3412 Boeckhius
2485 3346 2552 3412 in
2609 3347 2774 3413 libro
2821 3348 2902 3412 de
2948 3346 3348 3429 principibus
3396 3354 3476 3414 tr.
3527 3368 3622 3432 gr.
3674 3369 3732 3431 p.
3790 3357 3937 3430 310,
3987 3357 4063 3417 ut

422 3453 619 3518 etiam
676 3452 1123 3519 Bernhardius
1194 3452 1333 3520 iure
1397 3456 1623 3518 contra
1682 3452 2065 3518 Piersonum
2135 3453 2328 3519 affert
2404 3454 2687 3535 ineptam
2765 3473 2911 3519 esse
2980 3454 3434 3536 repetitionem
3513 3456 3802 3523 eiusdem
3879 3458 4063 3525 verbi

424 3565 735 3638 sequente
805 3560 1107 3625 continuo
1176 3576 1372 3626 Versu
1443 3561 1522 3629 εἷς
1592 3557 1761 3642 τὴνδε
1830 3565 2052 3644 πρῶτον
2136 3560 2325 3645 ἦλθον
2386 3559 2687 3644 Ἑλλήνων
2755 3562 2912 3622 πολιν
2934 3609 2950 3636 ‚
3021 3563 3249 3648 πρώτας
3318 3560 3379 3623 δὲ
3449 3561 3648 3647 Θήβας
3721 3563 3889 3649 τῆςόε
3956 3573 4065 3650 γῆς

413 3662 753 3748 Ἑλληνίδος
807 3654 1173 3736 ἀνωλόλυξα.
1294 3666 1586 3746 Uterque
1649 3665 1787 3731 iure
1856 3665 2177 3731 offendere
2247 3667 2508 3732 videtur
2583 3668 2648 3733 in
2724 3688 2786 3736 v,
2859 3657 3206 3740 ἀνωλόλυξα
3275 3669 3496 3737 activa
3567 3671 4060 3753 significatione.

422 3771 588 3835 Nam
654 3759 1032 3846 ἀνωλόλυξα,
1098 3772 1465 3837 Boeckhius
1529 3771 1766 3853 inquit,
1841 3771 2010 3838 foret
2078 3773 2182 3838 hic
2240 3773 2559 3856 ὀλολυῖμον
2624 3775 2888 3860 ἐκίνησα,
2967 3776 3135 3856 quod
3192 3776 3546 3843 verendum
3603 3783 3678 3843 ut
3740 3778 4064 3846 Graecum

423 3877 542 3959 sit3
600 3896 749 3942 nam
796 3866 1141 3949 ἀνολολυξαι
1188 3884 1255 3944 et
1312 3866 1656 3950 ἐπολολύξαι
1721 3879 2014 3946 omnibus
2071 3880 2182 3946 ubi
2245 3880 2579 3947 invenitur
2634 3882 3030 3964 tragicorum
3087 3882 3245 3948 locis
3301 3891 3536 3949 neutra
3591 3883 4066 3967 significatione

423 3988 801 4065 usurpatur,
884 3982 963 4050 cf.
1030 3985 1187 4050 Eur.
1246 3986 1395 4051 Tro.
1468 3991 1637 4050 1000
1706 3988 1863 4046 ποίαν
1936 3985 2077 4069 βοὴν
2146 3976 2526 4058 ἀνωλολυξας
2590 3987 2759 4071 (611111
2827 3988 3077 4054 obiecto
3157 3990 3326 4069 quod
3405 3990 3631 4057 dicunt
3704 3991 4061 4078 interiore).

424 4090 563 4174 Iph.
624 4091 697 4156 Τ.
763 4097 929 4157 1337
992 4094 1178 4232 χρόνῳ
1226 4080 1639 4167 δ’ἀνωλολυξε,
1689 4093 1878 4174 Soph.
1940 4094 2043 4162 El.
2100 4099 2253 4159 7:30:
2319 4082 2663 4166 ἀνωλολυξα
2710 4095 2805 4156 τὸν
2861 4097 3081 4158 νεανίαν
3128 4094 3372 4180 (666116.
3434 4097 3721 4182 causae).
3827 4101 4063 4167 Aesch.

424 4197 550 4278 Ag.
607 4203 806 4261 1238:
866 4197 945 4268 ὡς
992 4197 1074 4261 οέ
1078 4186 1460 4270 πωλοὶύςατο
1508 4199 1545 4283 ἡ
1593 4220 1766 4260 παντο
1759 4201 2013 4281 'vok-2023
2066 4201 2345 4282 Choeph.
2400 4207 2565 4267 942:
2617 4190 2997 4273 ἐπολολύξατ’
3053 4201 3101 4264 (ἶ)
3148 4202 3508 4265 δεσποσύνων
3550 4204 3742 4287 ’δόμων
3774 4208 4069 4292 ἀναφυγὰς

427 4325 620 4364 κακων
686 4301 873 4387 (Eur.
922 4305 1068 4371 Hel.
1123 4312 1245 4371 371
1315 4306 1515 4372 habet
1559 4324 1688 4371 non
1746 4295 2117 4381 &wionis—2,
2166 4308 2283 4372 sed
2332 4296 2703 4383 ἁνοτότυξεν,
2750 4309 2907 4374 item
2953 4309 3187 4375 Aesch.
3247 4311 3374 4393 Ag.
3431 4315 3630 4377 1074:
3689 4301 4065 4389 ἁνατότυξας,

425 4428 616 4489 quem
683 4414 1023 4492 utrumque
1070 4412 1296 4478 Βὸ61111
1365 4412 1603 4497 affert).
1724 4413 1868 4478 Hac
1915 4432 2112 4480 causa
2176 4420 2389 4480 motus
2446 4415 2814 4481 Boeckhius
2873 4416 3133 4498 putavit
3197 4418 3400 4483 verba
3453 4420 3682 4505 πρώτας
3737 4417 3798 4481 δὲ
3866 4419 4068 4505 Θήβας

429 4516 597 4600 τῆςδε
654 4525 762 4601 γῆς
808 4515 1135 4603 Ἑλληνίδος
1202 4539 1319 4601 pro
1388 4521 1575 4586 varia
1643 4518 1923 4586 lectione
1996 4540 2076 4584 ex
2146 4521 2359 4602 priore
2429 4522 2713 4587 editione
2782 4523 3079 4588 desumta
3149 4542 3292 4589 esse
3363 4530 3431 4590 et
3497 4526 3705 4593 locum
3759 4527 3856 4592 ita
3919 4547 4068 4595 con-

430 4621 846 4690 tinuandum:

1286 4736 1366 4803 εἱς
1412 4734 1583 4818 τὴνόε
1628 4742 1849 4821 πρῦπον
1896 4734 2083 4819 ἦλθον
2120 4732 2421 4819 Ἑλλήνυν)
2465 4737 2621 4797 πόλιν

1288 4842 1450 4902 κάκεῖ
1495 4844 1744 4927 χορευσα
1791 4841 1883 4903 καὶ
1930 4845 2302 4926 καταστήσας
2348 4842 2493 4923 ἐμάς
