<?xml version="1.0" encoding="UTF-8"?>
<!DOCTYPE html PUBLIC "-//W3C//DTD XHTML 1.0 Transitional//EN"
    "http://www.w3.org/TR/xhtml1/DTD/xhtml1-transitional.dtd">
<html xmlns="http://www.w3.org/1999/xhtml" xml:lang="en" lang="en">
 <head>
  <title>
</title>
<meta http-equiv="Content-Type" content="text/html;charset=utf-8" />
  <meta name='ocr-system' content='tesseract 3.04.00' />
  <meta name='ocr-capabilities' content='ocr_page ocr_carea ocr_par ocr_line ocrx_word'/>
</head>
<body>
  <div class='ocr_page' id='page_1' title='image "./conjectaneainal00althgoog_0010.png"; bbox 0 0 4542 5659; ppageno 0'>
   <div class='ocr_carea' id='block_1_1' title="bbox 2201 294 2392 389">
    <p class='ocr_par' dir='ltr' id='par_1_1' title="bbox 2201 294 2392 389">
     <span class='ocr_line' id='line_1_1' title="bbox 2201 294 2392 389; baseline 0 -30"><span class='ocrx_word' id='word_1_1' title='bbox 2201 294 2392 389; x_wconf 11' lang='lat' dir='ltr'>*vl</span> 
     </span>
    </p>
   </div>
   <div class='ocr_carea' id='block_1_2' title="bbox 514 505 4159 2195">
    <p class='ocr_par' dir='ltr' id='par_1_2' title="bbox 514 505 4159 2195">
     <span class='ocr_line' id='line_1_2' title="bbox 1388 505 2741 593; baseline -0.001 -25"><span class='ocrx_word' id='word_1_2' title='bbox 1388 505 1503 568; x_wconf 81' lang='grc' dir='ltr'>ἐπεὶ</span> <span class='ocrx_word' id='word_1_3' title='bbox 1550 508 1610 588; x_wconf 84' lang='grc' dir='ltr'>μ’</span> <span class='ocrx_word' id='word_1_4' title='bbox 1662 505 1908 593; x_wconf 73' lang='grc' dir='ltr'>ἀδελφαὶ</span> <span class='ocrx_word' id='word_1_5' title='bbox 1955 506 2171 592; x_wconf 77' lang='grc' dir='ltr'>μητρὸς</span> <span class='ocrx_word' id='word_1_6' title='bbox 2218 509 2287 576; x_wconf 80' lang='grc' dir='ltr'>ἃς</span> <span class='ocrx_word' id='word_1_7' title='bbox 2333 506 2515 592; x_wconf 74' lang='grc' dir='ltr'>ἥκιστ’</span> <span class='ocrx_word' id='word_1_8' title='bbox 2567 506 2741 593; x_wconf 77' lang='grc' dir='ltr'>ἐχρῆν</span> 
     </span>
     <span class='ocr_line' id='line_1_3' title="bbox 1384 612 2550 699; baseline 0.001 -26"><span class='ocrx_word' id='word_1_9' title='bbox 1384 613 1647 674; x_wconf 77' lang='grc' dir='ltr'>Διόνυσον</span> <span class='ocrx_word' id='word_1_10' title='bbox 1695 612 1798 674; x_wconf 84' lang='grc' dir='ltr'>οὐκ</span> <span class='ocrx_word' id='word_1_11' title='bbox 1845 613 2097 699; x_wconf 71' lang='grc' dir='ltr'>ἔφασκον</span> <span class='ocrx_word' id='word_1_12' title='bbox 2144 615 2377 699; x_wconf 71' lang='grc' dir='ltr'>ἐκφῦναι</span> <span class='ocrx_word' id='word_1_13' title='bbox 2424 613 2550 683; x_wconf 72' lang='grc' dir='ltr'>Διὸς</span> 
     </span>
     <span class='ocr_line' id='line_1_4' title="bbox 1379 716 2804 806; baseline 0.001 -27"><span class='ocrx_word' id='word_1_14' title='bbox 1379 716 1654 804; x_wconf 77' lang='grc' dir='ltr'>Σεμέλην</span> <span class='ocrx_word' id='word_1_15' title='bbox 1700 718 1761 781; x_wconf 84' lang='grc' dir='ltr'>δέ</span> <span class='ocrx_word' id='word_1_16' title='bbox 1811 720 2234 806; x_wconf 74' lang='grc' dir='ltr'>νυμφευθεῖσαν</span> <span class='ocrx_word' id='word_1_17' title='bbox 2283 720 2350 781; x_wconf 81' lang='grc' dir='ltr'>ἐκ</span> <span class='ocrx_word' id='word_1_18' title='bbox 2395 719 2613 805; x_wconf 87' lang='grc' dir='ltr'>θνητοῦ</span> <span class='ocrx_word' id='word_1_19' title='bbox 2659 741 2804 790; x_wconf 88' lang='grc' dir='ltr'>τινος</span> 
     </span>
     <span class='ocr_line' id='line_1_5' title="bbox 1379 824 2735 913; baseline -0.001 -25"><span class='ocrx_word' id='word_1_20' title='bbox 1379 829 1459 898; x_wconf 79' lang='grc' dir='ltr'>εἰς</span> <span class='ocrx_word' id='word_1_21' title='bbox 1505 824 1640 912; x_wconf 78' lang='grc' dir='ltr'>Ζῆν’</span> <span class='ocrx_word' id='word_1_22' title='bbox 1691 829 1987 913; x_wconf 74' lang='grc' dir='ltr'>ἀναφέρειν</span> <span class='ocrx_word' id='word_1_23' title='bbox 2034 827 2140 910; x_wconf 79' lang='grc' dir='ltr'>τὴν</span> <span class='ocrx_word' id='word_1_24' title='bbox 2185 828 2461 913; x_wconf 75' lang='grc' dir='ltr'>ἁμαρτίαν</span> <span class='ocrx_word' id='word_1_25' title='bbox 2502 826 2735 912; x_wconf 80' lang='grc' dir='ltr'>λέχους,</span> 
     </span>
     <span class='ocr_line' id='line_1_6' title="bbox 1379 930 2767 1020; baseline -0.001 -26"><span class='ocrx_word' id='word_1_26' title='bbox 1379 931 1620 1014; x_wconf 86' lang='grc' dir='ltr'>Κάδμου</span> <span class='ocrx_word' id='word_1_27' title='bbox 1667 931 1996 1020; x_wconf 72' lang='grc' dir='ltr'>σοφίσμαθ’,</span> <span class='ocrx_word' id='word_1_28' title='bbox 2046 933 2125 996; x_wconf 79' lang='grc' dir='ltr'>ὧν</span> <span class='ocrx_word' id='word_1_29' title='bbox 2171 955 2248 994; x_wconf 89' lang='grc' dir='ltr'>νιν</span> <span class='ocrx_word' id='word_1_30' title='bbox 2295 930 2501 995; x_wconf 75' lang='grc' dir='ltr'>οὔνεκα</span> <span class='ocrx_word' id='word_1_31' title='bbox 2547 940 2767 995; x_wconf 77' lang='grc' dir='ltr'>κτανεῖν</span> 
     </span>
     <span class='ocr_line' id='line_1_7' title="bbox 1379 1028 2710 1126; baseline -0.001 -25"><span class='ocrx_word' id='word_1_32' title='bbox 1379 1038 1476 1126; x_wconf 60' lang='lat' dir='ltr'>Z-rs</span> <span class='ocrx_word' id='word_1_33' title='bbox 1484 1066 1514 1101; x_wconf 93' lang='grc' dir='ltr'>ν</span> <span class='ocrx_word' id='word_1_34' title='bbox 1550 1028 1961 1125; x_wconf 70' lang='grc' dir='ltr'>’ἐξεκαυχῶνθ’</span> <span class='ocrx_word' id='word_1_35' title='bbox 1973 1087 1989 1116; x_wconf 86' lang='grc'>,</span> <span class='ocrx_word' id='word_1_36' title='bbox 2036 1041 2120 1102; x_wconf 83' lang='grc' dir='ltr'>ὅτι</span> <span class='ocrx_word' id='word_1_37' title='bbox 2162 1045 2382 1124; x_wconf 84' lang='grc' dir='ltr'>γάμους</span> <span class='ocrx_word' id='word_1_38' title='bbox 2429 1039 2710 1122; x_wconf 78' lang='grc' dir='ltr'>ἐψεύσατο</span> 
     </span>
     <span class='ocr_line' id='line_1_8' title="bbox 518 1145 4156 1229; baseline 0.001 -16"><span class='ocrx_word' id='word_1_39' title='bbox 518 1148 581 1213; x_wconf 96' lang='grc'>11.</span> <span class='ocrx_word' id='word_1_40' title='bbox 633 1166 686 1213; x_wconf 90' lang='lat' dir='ltr'>e.</span> <span class='ocrx_word' id='word_1_41' title='bbox 736 1148 1029 1214; x_wconf 81' lang='lat' dir='ltr'>Semelen</span> <span class='ocrx_word' id='word_1_42' title='bbox 1088 1147 1341 1229; x_wconf 92' lang='lat' dir='ltr'>culpam</span> <span class='ocrx_word' id='word_1_43' title='bbox 1388 1147 1692 1213; x_wconf 86' lang='lat' dir='ltr'>adulterii</span> <span class='ocrx_word' id='word_1_44' title='bbox 1746 1147 1815 1212; x_wconf 85' lang='lat' dir='ltr'>in</span> <span class='ocrx_word' id='word_1_45' title='bbox 1860 1148 1908 1212; x_wconf 84' lang='lat' dir='ltr'>J</span> <span class='ocrx_word' id='word_1_46' title='bbox 1909 1165 2090 1212; x_wconf 87' lang='lat' dir='ltr'>ovem</span> <span class='ocrx_word' id='word_1_47' title='bbox 2150 1145 2501 1213; x_wconf 80' lang='lat' dir='ltr'>contulisse</span> <span class='ocrx_word' id='word_1_48' title='bbox 2558 1166 2639 1210; x_wconf 81' lang='lat' dir='ltr'>ex</span> <span class='ocrx_word' id='word_1_49' title='bbox 2686 1145 2908 1212; x_wconf 85' lang='lat' dir='ltr'>Cadmi</span> <span class='ocrx_word' id='word_1_50' title='bbox 2965 1146 3426 1213; x_wconf 79' lang='lat' dir='ltr'>commenticiis</span> <span class='ocrx_word' id='word_1_51' title='bbox 3496 1147 3782 1214; x_wconf 90' lang='lat' dir='ltr'>consiliis</span> <span class='ocrx_word' id='word_1_52' title='bbox 3803 1200 3818 1228; x_wconf 87' lang='lat'>‚</span> <span class='ocrx_word' id='word_1_53' title='bbox 3892 1168 4156 1229; x_wconf 85' lang='lat' dir='ltr'>quorum</span> 
     </span>
     <span class='ocr_line' id='line_1_9' title="bbox 519 1251 4158 1336; baseline 0 -16"><span class='ocrx_word' id='word_1_54' title='bbox 519 1273 717 1320; x_wconf 85' lang='lat' dir='ltr'>causa</span> <span class='ocrx_word' id='word_1_55' title='bbox 776 1255 981 1336; x_wconf 81' lang='lat' dir='ltr'>ipsam</span> <span class='ocrx_word' id='word_1_56' title='bbox 1038 1253 1442 1320; x_wconf 81' lang='lat' dir='ltr'>interfecisse</span> <span class='ocrx_word' id='word_1_57' title='bbox 1505 1255 1550 1320; x_wconf 82' lang='lat' dir='ltr'>J</span> <span class='ocrx_word' id='word_1_58' title='bbox 1554 1273 1739 1320; x_wconf 89' lang='lat' dir='ltr'>ovem</span> <span class='ocrx_word' id='word_1_59' title='bbox 1801 1254 2155 1320; x_wconf 86' lang='lat' dir='ltr'>iactabant.</span> <span class='ocrx_word' id='word_1_60' title='bbox 2260 1253 2466 1318; x_wconf 89' lang='lat' dir='ltr'>Recte</span> <span class='ocrx_word' id='word_1_61' title='bbox 2531 1253 2732 1334; x_wconf 84' lang='lat' dir='ltr'>igitur</span> <span class='ocrx_word' id='word_1_62' title='bbox 2788 1251 3030 1318; x_wconf 82' lang='lat' dir='ltr'>Theod.</span> <span class='ocrx_word' id='word_1_63' title='bbox 3097 1253 3416 1319; x_wconf 87' lang='lat' dir='ltr'>Kockium</span> <span class='ocrx_word' id='word_1_64' title='bbox 3473 1255 3663 1320; x_wconf 89' lang='lat' dir='ltr'>huius</span> <span class='ocrx_word' id='word_1_65' title='bbox 3721 1255 3847 1321; x_wconf 90' lang='lat' dir='ltr'>loci</span> <span class='ocrx_word' id='word_1_66' title='bbox 3900 1273 4158 1321; x_wconf 89' lang='lat' dir='ltr'>sensum</span> 
     </span>
     <span class='ocr_line' id='line_1_10' title="bbox 518 1358 4154 1443; baseline 0.001 -18"><span class='ocrx_word' id='word_1_67' title='bbox 518 1360 879 1427; x_wconf 80' lang='lat' dir='ltr'>reddidisse</span> <span class='ocrx_word' id='word_1_68' title='bbox 925 1364 1110 1443; x_wconf 86' lang='lat' dir='ltr'>put0,</span> <span class='ocrx_word' id='word_1_69' title='bbox 1168 1365 1563 1427; x_wconf 87' lang='lat' dir='ltr'>vertentem:</span> <span class='ocrx_word' id='word_1_70' title='bbox 1614 1361 1775 1443; x_wconf 72' lang='lat' dir='ltr'>„Da</span> <span class='ocrx_word' id='word_1_71' title='bbox 1834 1360 2076 1426; x_wconf 90' lang='lat' dir='ltr'>meiner</span> <span class='ocrx_word' id='word_1_72' title='bbox 2120 1360 2372 1425; x_wconf 87' lang='lat' dir='ltr'>Mutter</span> <span class='ocrx_word' id='word_1_73' title='bbox 2420 1358 2829 1425; x_wconf 83' lang='lat' dir='ltr'>Schwestern</span> <span class='ocrx_word' id='word_1_74' title='bbox 2879 1411 2892 1424; x_wconf 93' lang='lat'><strong>.</strong></span> <span class='ocrx_word' id='word_1_75' title='bbox 2932 1411 2944 1425; x_wconf 90' lang='lat'><strong>.</strong></span> <span class='ocrx_word' id='word_1_76' title='bbox 2983 1411 2995 1425; x_wconf 91' lang='lat'><strong>.</strong></span> <span class='ocrx_word' id='word_1_77' title='bbox 3037 1411 3050 1425; x_wconf 92' lang='lat'><strong>.</strong></span> <span class='ocrx_word' id='word_1_78' title='bbox 3101 1359 3349 1426; x_wconf 86' lang='lat' dir='ltr'>Semele</span> <span class='ocrx_word' id='word_1_79' title='bbox 3389 1361 3794 1443; x_wconf 83' lang='lat' dir='ltr'>verklagten‚</span> <span class='ocrx_word' id='word_1_80' title='bbox 3845 1362 3997 1427; x_wconf 88' lang='lat' dir='ltr'>dass</span> <span class='ocrx_word' id='word_1_81' title='bbox 4030 1382 4154 1429; x_wconf 88' lang='lat' dir='ltr'>von</span> 
     </span>
     <span class='ocr_line' id='line_1_11' title="bbox 517 1465 4153 1552; baseline 0.001 -20"><span class='ocrx_word' id='word_1_82' title='bbox 517 1468 956 1550; x_wconf 70' lang='lat' dir='ltr'>Mannertrug</span> <span class='ocrx_word' id='word_1_83' title='bbox 1024 1468 1299 1534; x_wconf 81' lang='lat' dir='ltr'>beriickt</span> <span class='ocrx_word' id='word_1_84' title='bbox 1364 1467 1459 1534; x_wconf 91' lang='lat' dir='ltr'>sie</span> <span class='ocrx_word' id='word_1_85' title='bbox 1516 1469 1687 1533; x_wconf 91' lang='lat' dir='ltr'>Zeus</span> <span class='ocrx_word' id='word_1_86' title='bbox 1735 1466 2150 1550; x_wconf 81' lang='lat' dir='ltr'>schuldgebe‚</span> <span class='ocrx_word' id='word_1_87' title='bbox 2213 1485 2354 1532; x_wconf 87' lang='lat' dir='ltr'>was</span> <span class='ocrx_word' id='word_1_88' title='bbox 2401 1465 2497 1531; x_wconf 89' lang='lat' dir='ltr'>sie</span> <span class='ocrx_word' id='word_1_89' title='bbox 2545 1467 2750 1531; x_wconf 89' lang='lat' dir='ltr'>selbst</span> <span class='ocrx_word' id='word_1_90' title='bbox 2796 1466 3195 1531; x_wconf 87' lang='lat' dir='ltr'>verbrochen</span> <span class='ocrx_word' id='word_1_91' title='bbox 3242 1467 3408 1532; x_wconf 87' lang='lat' dir='ltr'>nach</span> <span class='ocrx_word' id='word_1_92' title='bbox 3453 1466 3748 1533; x_wconf 86' lang='lat' dir='ltr'>Kadmus</span> <span class='ocrx_word' id='word_1_93' title='bbox 3793 1468 4153 1552; x_wconf 84' lang='lat' dir='ltr'>Weisung:</span> 
     </span>
     <span class='ocr_line' id='line_1_12' title="bbox 519 1572 3442 1657; baseline -0 -18"><span class='ocrx_word' id='word_1_94' title='bbox 519 1574 770 1640; x_wconf 84' lang='lat' dir='ltr'>Darum</span> <span class='ocrx_word' id='word_1_95' title='bbox 816 1575 999 1654; x_wconf 85' lang='lat' dir='ltr'>auch,</span> <span class='ocrx_word' id='word_1_96' title='bbox 1052 1593 1122 1641; x_wconf 93' lang='lat' dir='ltr'>so</span> <span class='ocrx_word' id='word_1_97' title='bbox 1166 1572 1387 1641; x_wconf 84' lang='lat' dir='ltr'>fabeln</span> <span class='ocrx_word' id='word_1_98' title='bbox 1436 1574 1548 1655; x_wconf 91' lang='lat' dir='ltr'>sie,</span> <span class='ocrx_word' id='word_1_99' title='bbox 1599 1574 1912 1657; x_wconf 85' lang='lat' dir='ltr'>vertilgte</span> <span class='ocrx_word' id='word_1_100' title='bbox 1960 1575 2129 1639; x_wconf 91' lang='lat' dir='ltr'>Zeus</span> <span class='ocrx_word' id='word_1_101' title='bbox 2178 1574 2292 1654; x_wconf 84' lang='lat' dir='ltr'>sie,</span> <span class='ocrx_word' id='word_1_102' title='bbox 2341 1573 2494 1640; x_wconf 85' lang='lat' dir='ltr'>weil</span> <span class='ocrx_word' id='word_1_103' title='bbox 2542 1573 2636 1638; x_wconf 92' lang='lat' dir='ltr'>sie</span> <span class='ocrx_word' id='word_1_104' title='bbox 2684 1573 2908 1638; x_wconf 90' lang='lat' dir='ltr'>seinen</span> <span class='ocrx_word' id='word_1_105' title='bbox 2955 1572 3149 1638; x_wconf 92' lang='lat' dir='ltr'>Bund</span> <span class='ocrx_word' id='word_1_106' title='bbox 3196 1573 3442 1655; x_wconf 87' lang='lat' dir='ltr'>erlog.“</span> 
     </span>
     <span class='ocr_line' id='line_1_13' title="bbox 840 1679 4159 1761; baseline 0 -13"><span class='ocrx_word' id='word_1_107' title='bbox 840 1682 1149 1748; x_wconf 87' lang='lat' dir='ltr'>Venimus</span> <span class='ocrx_word' id='word_1_108' title='bbox 1195 1682 1323 1747; x_wconf 88' lang='lat' dir='ltr'>iam</span> <span class='ocrx_word' id='word_1_109' title='bbox 1370 1682 1453 1747; x_wconf 87' lang='lat' dir='ltr'>ad</span> <span class='ocrx_word' id='word_1_110' title='bbox 1499 1683 1775 1749; x_wconf 89' lang='lat' dir='ltr'>alterum</span> <span class='ocrx_word' id='word_1_111' title='bbox 1821 1682 2057 1761; x_wconf 90' lang='lat' dir='ltr'>locum,</span> <span class='ocrx_word' id='word_1_112' title='bbox 2107 1681 2214 1761; x_wconf 91' lang='lat' dir='ltr'>qui</span> <span class='ocrx_word' id='word_1_113' title='bbox 2261 1681 2530 1745; x_wconf 88' lang='lat' dir='ltr'>multum</span> <span class='ocrx_word' id='word_1_114' title='bbox 2579 1680 2752 1746; x_wconf 88' lang='lat' dir='ltr'>viros</span> <span class='ocrx_word' id='word_1_115' title='bbox 2799 1679 3022 1745; x_wconf 86' lang='lat' dir='ltr'>doctos</span> <span class='ocrx_word' id='word_1_116' title='bbox 3068 1680 3362 1760; x_wconf 82' lang='lat' dir='ltr'>vexavit,</span> <span class='ocrx_word' id='word_1_117' title='bbox 3422 1686 3497 1745; x_wconf 90' lang='lat' dir='ltr'>ut</span> <span class='ocrx_word' id='word_1_118' title='bbox 3560 1679 3825 1748; x_wconf 88' lang='lat' dir='ltr'>difficile</span> <span class='ocrx_word' id='word_1_119' title='bbox 3874 1682 3961 1748; x_wconf 94' lang='lat' dir='ltr'>sit</span> <span class='ocrx_word' id='word_1_120' title='bbox 4007 1683 4159 1750; x_wconf 79' lang='lat' dir='ltr'>novi</span> 
     </span>
     <span class='ocr_line' id='line_1_14' title="bbox 514 1787 2406 1871; baseline -0.001 -17"><span class='ocrx_word' id='word_1_121' title='bbox 514 1789 759 1871; x_wconf 86' lang='lat' dir='ltr'>aliquid</span> <span class='ocrx_word' id='word_1_122' title='bbox 805 1787 1110 1871; x_wconf 89' lang='lat' dir='ltr'>proferre.</span> <span class='ocrx_word' id='word_1_123' title='bbox 1207 1790 1451 1854; x_wconf 84' lang='lat' dir='ltr'>Versus</span> <span class='ocrx_word' id='word_1_124' title='bbox 1505 1796 1762 1854; x_wconf 82' lang='lat'>13—-25</span> <span class='ocrx_word' id='word_1_125' title='bbox 1811 1788 1907 1854; x_wconf 90' lang='lat' dir='ltr'>ita</span> <span class='ocrx_word' id='word_1_126' title='bbox 1954 1788 2180 1854; x_wconf 84' lang='lat' dir='ltr'>traditi</span> <span class='ocrx_word' id='word_1_127' title='bbox 2227 1791 2406 1854; x_wconf 86' lang='lat' dir='ltr'>sunt:</span> 
     </span>
     <span class='ocr_line' id='line_1_15' title="bbox 1370 1893 2678 1979; baseline -0.002 -23"><span class='ocrx_word' id='word_1_128' title='bbox 1370 1893 1547 1956; x_wconf 76' lang='grc' dir='ltr'>λιπὼν</span> <span class='ocrx_word' id='word_1_129' title='bbox 1593 1894 1655 1957; x_wconf 81' lang='grc' dir='ltr'>δὲ</span> <span class='ocrx_word' id='word_1_130' title='bbox 1702 1895 1909 1956; x_wconf 78' lang='grc' dir='ltr'>Λυδῶν</span> <span class='ocrx_word' id='word_1_131' title='bbox 1955 1896 2058 1964; x_wconf 83' lang='grc' dir='ltr'>τάς</span> <span class='ocrx_word' id='word_1_132' title='bbox 2102 1894 2492 1979; x_wconf 77' lang='grc' dir='ltr'>πολυχρύσους</span> <span class='ocrx_word' id='word_1_133' title='bbox 2538 1893 2678 1975; x_wconf 89' lang='grc' dir='ltr'>γύας</span> 
     </span>
     <span class='ocr_line' id='line_1_16' title="bbox 1369 1999 2770 2088; baseline -0.001 -26"><span class='ocrx_word' id='word_1_134' title='bbox 1369 1999 1608 2087; x_wconf 77' lang='grc' dir='ltr'>Φρυγῶν</span> <span class='ocrx_word' id='word_1_135' title='bbox 1653 2023 1717 2064; x_wconf 89' lang='grc' dir='ltr'>τε</span> <span class='ocrx_word' id='word_1_136' title='bbox 1764 1999 2008 2088; x_wconf 80' lang='grc' dir='ltr'>Περσῶν</span> <span class='ocrx_word' id='word_1_137' title='bbox 2052 1999 2500 2086; x_wconf 75' lang='grc' dir='ltr'>θ’ήλιοβλήτους</span> <span class='ocrx_word' id='word_1_138' title='bbox 2544 2000 2770 2069; x_wconf 79' lang='grc' dir='ltr'>πλάκας</span> 
     </span>
     <span class='ocr_line' id='line_1_17' title="bbox 1176 2106 2781 2195; baseline -0.004 -21"><span class='ocrx_word' id='word_1_139' title='bbox 1176 2115 1277 2173; x_wconf 81' lang='grc'>15.</span> <span class='ocrx_word' id='word_1_140' title='bbox 1378 2107 1624 2195; x_wconf 78' lang='grc' dir='ltr'>Βάκτριά</span> <span class='ocrx_word' id='word_1_141' title='bbox 1669 2130 1732 2170; x_wconf 88' lang='grc' dir='ltr'>τε</span> <span class='ocrx_word' id='word_1_142' title='bbox 1779 2111 1940 2195; x_wconf 87' lang='grc' dir='ltr'>τείχη</span> <span class='ocrx_word' id='word_1_143' title='bbox 1989 2111 2093 2192; x_wconf 90' lang='grc' dir='ltr'>τήν</span> <span class='ocrx_word' id='word_1_144' title='bbox 2140 2128 2202 2169; x_wconf 89' lang='grc' dir='ltr'>τε</span> <span class='ocrx_word' id='word_1_145' title='bbox 2248 2106 2549 2192; x_wconf 85' lang='grc' dir='ltr'>δύσχειμον</span> <span class='ocrx_word' id='word_1_146' title='bbox 2596 2109 2781 2192; x_wconf 81' lang='grc' dir='ltr'>χθόνα</span> 
     </span>
    </p>
   </div>
   <div class='ocr_carea' id='block_1_3' title="bbox 1369 2212 2304 2300">
    <p class='ocr_par' dir='ltr' id='par_1_3' title="bbox 1369 2212 2304 2300">
     <span class='ocr_line' id='line_1_18' title="bbox 1369 2212 2304 2300; baseline 0 -26"><span class='ocrx_word' id='word_1_147' title='bbox 1369 2213 1592 2299; x_wconf 80' lang='grc' dir='ltr'>Μήδων</span> <span class='ocrx_word' id='word_1_148' title='bbox 1641 2212 1905 2276; x_wconf 77' lang='grc' dir='ltr'>ἐπελθὼν</span> <span class='ocrx_word' id='word_1_149' title='bbox 1941 2212 2206 2300; x_wconf 76' lang='grc' dir='ltr'>Ἀραβίαν</span> <span class='ocrx_word' id='word_1_150' title='bbox 2252 2215 2304 2274; x_wconf 78' lang='grc' dir='ltr'>τ’</span> 
     </span>
    </p>
   </div>
   <div class='ocr_carea' id='block_1_4' title="bbox 493 2213 4147 4756">
    <p class='ocr_par' dir='ltr' id='par_1_4' title="bbox 1356 2213 2675 2621">
     <span class='ocr_line' id='line_1_19' title="bbox 2354 2213 2656 2294; baseline 0 -19"><span class='ocrx_word' id='word_1_151' title='bbox 2354 2213 2656 2294; x_wconf 88' lang='grc' dir='ltr'>ευδαίμονα</span> 
     </span>
     <span class='ocr_line' id='line_1_20' title="bbox 1356 2319 2613 2407; baseline 0 -25"><span class='ocrx_word' id='word_1_152' title='bbox 1356 2321 1411 2383; x_wconf 74' lang='grc' dir='ltr'>Ἀ</span> <span class='ocrx_word' id='word_1_153' title='bbox 1424 2324 1546 2383; x_wconf 85' lang='grc' dir='ltr'>σίαν</span> <span class='ocrx_word' id='word_1_154' title='bbox 1595 2343 1656 2383; x_wconf 89' lang='grc' dir='ltr'>τε</span> <span class='ocrx_word' id='word_1_155' title='bbox 1702 2330 1888 2383; x_wconf 84' lang='grc' dir='ltr'>πᾶσαν</span> <span class='ocrx_word' id='word_1_156' title='bbox 1933 2324 1971 2405; x_wconf 77' lang='grc' dir='ltr'>ἦ</span> <span class='ocrx_word' id='word_1_157' title='bbox 2019 2319 2136 2406; x_wconf 74' lang='grc' dir='ltr'>παρ’</span> <span class='ocrx_word' id='word_1_158' title='bbox 2192 2321 2449 2407; x_wconf 76' lang='grc' dir='ltr'>ἁλμυρὰν</span> <span class='ocrx_word' id='word_1_159' title='bbox 2497 2321 2613 2382; x_wconf 82' lang='grc' dir='ltr'>ἅλα</span> 
     </span>
     <span class='ocr_line' id='line_1_21' title="bbox 1366 2425 2675 2514; baseline -0.002 -24"><span class='ocrx_word' id='word_1_160' title='bbox 1366 2436 1539 2491; x_wconf 79' lang='grc' dir='ltr'>κεῖται</span> <span class='ocrx_word' id='word_1_161' title='bbox 1587 2432 1803 2510; x_wconf 89' lang='grc' dir='ltr'>μιγάσιν</span> <span class='ocrx_word' id='word_1_162' title='bbox 1828 2427 2072 2513; x_wconf 83' lang='grc' dir='ltr'>Ἕλλησι</span> <span class='ocrx_word' id='word_1_163' title='bbox 2120 2425 2421 2514; x_wconf 77' lang='grc' dir='ltr'>βαρβάροις</span> <span class='ocrx_word' id='word_1_164' title='bbox 2467 2428 2675 2508; x_wconf 76' lang='grc' dir='ltr'>θ’ὀμού</span> 
     </span>
     <span class='ocr_line' id='line_1_22' title="bbox 1360 2534 2626 2621; baseline 0 -25"><span class='ocrx_word' id='word_1_165' title='bbox 1360 2536 1589 2621; x_wconf 79' lang='grc' dir='ltr'>πλήρεις</span> <span class='ocrx_word' id='word_1_166' title='bbox 1636 2535 1849 2619; x_wconf 78' lang='grc' dir='ltr'>ἔχουσα</span> <span class='ocrx_word' id='word_1_167' title='bbox 1897 2534 2392 2620; x_wconf 76' lang='grc' dir='ltr'>καλλιπυργώτους</span> <span class='ocrx_word' id='word_1_168' title='bbox 2437 2535 2626 2604; x_wconf 73' lang='grc' dir='ltr'>πόλεις</span> 
     </span>
    </p>

    <p class='ocr_par' dir='ltr' id='par_1_5' title="bbox 1173 2636 2695 2728">
     <span class='ocr_line' id='line_1_23' title="bbox 1173 2636 2695 2728; baseline -0.001 -25"><span class='ocrx_word' id='word_1_169' title='bbox 1173 2649 1274 2708; x_wconf 83' lang='grc'>20.</span> <span class='ocrx_word' id='word_1_170' title='bbox 1371 2644 1451 2710; x_wconf 80' lang='grc' dir='ltr'>εἰς</span> <span class='ocrx_word' id='word_1_171' title='bbox 1498 2640 1667 2726; x_wconf 84' lang='grc' dir='ltr'>τήνδε</span> <span class='ocrx_word' id='word_1_172' title='bbox 1714 2647 1934 2728; x_wconf 75' lang='grc' dir='ltr'>πρῶτον</span> <span class='ocrx_word' id='word_1_173' title='bbox 1981 2641 2167 2725; x_wconf 71' lang='grc' dir='ltr'>ἦλθον</span> <span class='ocrx_word' id='word_1_174' title='bbox 2204 2636 2495 2726; x_wconf 78' lang='grc' dir='ltr'>Ἑλλήνων</span> <span class='ocrx_word' id='word_1_175' title='bbox 2538 2641 2695 2702; x_wconf 70' lang='grc' dir='ltr'>πολιν</span> 
     </span>
    </p>

    <p class='ocr_par' dir='ltr' id='par_1_6' title="bbox 1356 2748 2726 3262">
     <span class='ocr_line' id='line_1_24' title="bbox 1360 2748 2594 2834; baseline 0 -24"><span class='ocrx_word' id='word_1_176' title='bbox 1360 2752 1523 2810; x_wconf 82' lang='grc' dir='ltr'>κάκεῖ</span> <span class='ocrx_word' id='word_1_177' title='bbox 1568 2749 1848 2834; x_wconf 77' lang='grc' dir='ltr'>χορεύσας</span> <span class='ocrx_word' id='word_1_178' title='bbox 1895 2748 1989 2809; x_wconf 78' lang='grc' dir='ltr'>καὶ</span> <span class='ocrx_word' id='word_1_179' title='bbox 2035 2753 2404 2832; x_wconf 77' lang='grc' dir='ltr'>καταστήσας</span> <span class='ocrx_word' id='word_1_180' title='bbox 2451 2749 2594 2829; x_wconf 74' lang='grc' dir='ltr'>ε’μοίς</span> 
     </span>
     <span class='ocr_line' id='line_1_25' title="bbox 1356 2853 2726 2941; baseline -0.001 -24"><span class='ocrx_word' id='word_1_181' title='bbox 1356 2856 1594 2925; x_wconf 84' lang='grc' dir='ltr'>τελετάς</span> <span class='ocrx_word' id='word_1_182' title='bbox 1640 2856 1709 2915; x_wconf 79' lang='grc' dir='ltr'>ἵν’</span> <span class='ocrx_word' id='word_1_183' title='bbox 1762 2856 1883 2939; x_wconf 81' lang='grc' dir='ltr'>εἴην</span> <span class='ocrx_word' id='word_1_184' title='bbox 1931 2855 2195 2941; x_wconf 71' lang='grc' dir='ltr'>ἐμφανὴς</span> <span class='ocrx_word' id='word_1_185' title='bbox 2240 2854 2454 2938; x_wconf 81' lang='grc' dir='ltr'>δαίμων</span> <span class='ocrx_word' id='word_1_186' title='bbox 2504 2853 2726 2940; x_wconf 78' lang='grc' dir='ltr'>βροτοῖς</span> 
     </span>
     <span class='ocr_line' id='line_1_26' title="bbox 1360 2960 2700 3048; baseline 0 -26"><span class='ocrx_word' id='word_1_187' title='bbox 1360 2960 1602 3048; x_wconf 79' lang='grc' dir='ltr'>Πρῶτος</span> <span class='ocrx_word' id='word_1_188' title='bbox 1649 2961 1711 3024; x_wconf 80' lang='grc' dir='ltr'>δὲ</span> <span class='ocrx_word' id='word_1_189' title='bbox 1759 2960 1959 3046; x_wconf 77' lang='grc' dir='ltr'>Θήβας</span> <span class='ocrx_word' id='word_1_190' title='bbox 2006 2961 2182 3046; x_wconf 81' lang='grc' dir='ltr'>τῆσδε</span> <span class='ocrx_word' id='word_1_191' title='bbox 2228 2971 2336 3046; x_wconf 81' lang='grc' dir='ltr'>γῆς</span> <span class='ocrx_word' id='word_1_192' title='bbox 2373 2960 2700 3046; x_wconf 82' lang='grc' dir='ltr'>Ἑλληνίδος</span> 
     </span>
     <span class='ocr_line' id='line_1_27' title="bbox 1357 3057 2448 3155; baseline -0.001 -25"><span class='ocrx_word' id='word_1_193' title='bbox 1357 3058 1704 3141; x_wconf 63' lang='grc' dir='ltr'>ἀνωλόλυξα</span> <span class='ocrx_word' id='word_1_194' title='bbox 1750 3067 1953 3154; x_wconf 80' lang='grc' dir='ltr'>νεβρίδ’</span> <span class='ocrx_word' id='word_1_195' title='bbox 2005 3057 2229 3153; x_wconf 65' lang='grc' dir='ltr'>ἐξάψας</span> <span class='ocrx_word' id='word_1_196' title='bbox 2277 3068 2448 3155; x_wconf 77' lang='grc' dir='ltr'>χροὸς</span> 
     </span>
     <span class='ocr_line' id='line_1_28' title="bbox 1358 3173 2721 3262; baseline 0 -26"><span class='ocrx_word' id='word_1_197' title='bbox 1358 3177 1569 3262; x_wconf 82' lang='grc' dir='ltr'>θύρσον</span> <span class='ocrx_word' id='word_1_198' title='bbox 1616 3197 1679 3238; x_wconf 87' lang='grc' dir='ltr'>τε</span> <span class='ocrx_word' id='word_1_199' title='bbox 1725 3173 1858 3245; x_wconf 83' lang='grc' dir='ltr'>δούς</span> <span class='ocrx_word' id='word_1_200' title='bbox 1908 3177 1987 3246; x_wconf 77' lang='grc' dir='ltr'>εἰς</span> <span class='ocrx_word' id='word_1_201' title='bbox 2032 3184 2195 3262; x_wconf 74' lang='grc' dir='ltr'>χεῖρα</span> <span class='ocrx_word' id='word_1_202' title='bbox 2244 3178 2483 3237; x_wconf 85' lang='grc' dir='ltr'>κίσσινον</span> <span class='ocrx_word' id='word_1_203' title='bbox 2534 3174 2721 3257; x_wconf 78' lang='grc' dir='ltr'>βέλος.</span> 
     </span>
    </p>

    <p class='ocr_par' dir='ltr' id='par_1_7' title="bbox 500 3283 4147 3582">
     <span class='ocr_line' id='line_1_29' title="bbox 823 3283 4147 3365; baseline 0 -15"><span class='ocrx_word' id='word_1_204' title='bbox 823 3286 1181 3352; x_wconf 86' lang='lat' dir='ltr'>Turbatum</span> <span class='ocrx_word' id='word_1_205' title='bbox 1229 3285 1454 3350; x_wconf 89' lang='lat' dir='ltr'>horum</span> <span class='ocrx_word' id='word_1_206' title='bbox 1500 3302 1803 3350; x_wconf 88' lang='lat' dir='ltr'>versuum</span> <span class='ocrx_word' id='word_1_207' title='bbox 1861 3283 2153 3348; x_wconf 89' lang='lat' dir='ltr'>ordinem</span> <span class='ocrx_word' id='word_1_208' title='bbox 2208 3283 2591 3365; x_wconf 90' lang='lat' dir='ltr'>iampridem</span> <span class='ocrx_word' id='word_1_209' title='bbox 2655 3283 2840 3348; x_wconf 78' lang='lat' dir='ltr'>vario</span> <span class='ocrx_word' id='word_1_210' title='bbox 2896 3284 3082 3349; x_wconf 89' lang='lat' dir='ltr'>modo</span> <span class='ocrx_word' id='word_1_211' title='bbox 3140 3284 3266 3349; x_wconf 84' lang='lat' dir='ltr'>viri</span> <span class='ocrx_word' id='word_1_212' title='bbox 3314 3283 3489 3349; x_wconf 89' lang='lat' dir='ltr'>docti</span> <span class='ocrx_word' id='word_1_213' title='bbox 3534 3284 3885 3349; x_wconf 86' lang='lat' dir='ltr'>restituere</span> <span class='ocrx_word' id='word_1_214' title='bbox 3933 3287 4147 3351; x_wconf 88' lang='lat' dir='ltr'>conati</span> 
     </span>
     <span class='ocr_line' id='line_1_30' title="bbox 502 3389 4139 3476; baseline -0.001 -17"><span class='ocrx_word' id='word_1_215' title='bbox 502 3401 673 3459; x_wconf 89' lang='lat' dir='ltr'>sunt.</span> <span class='ocrx_word' id='word_1_216' title='bbox 769 3392 1238 3473; x_wconf 82' lang='lat' dir='ltr'>Bernhardyus</span> <span class='ocrx_word' id='word_1_217' title='bbox 1285 3390 1540 3471; x_wconf 90' lang='lat' dir='ltr'>quidem</span> <span class='ocrx_word' id='word_1_218' title='bbox 1607 3389 1703 3476; x_wconf 91' lang='lat' dir='ltr'>(in</span> <span class='ocrx_word' id='word_1_219' title='bbox 1769 3389 1978 3455; x_wconf 88' lang='lat' dir='ltr'>indice</span> <span class='ocrx_word' id='word_1_220' title='bbox 2023 3391 2169 3456; x_wconf 89' lang='lat' dir='ltr'>lect.</span> <span class='ocrx_word' id='word_1_221' title='bbox 2220 3390 2352 3455; x_wconf 90' lang='lat' dir='ltr'>hib.</span> <span class='ocrx_word' id='word_1_222' title='bbox 2403 3391 2553 3456; x_wconf 89' lang='lat' dir='ltr'>Hal.</span> <span class='ocrx_word' id='word_1_223' title='bbox 2609 3397 2774 3455; x_wconf 76' lang='lat'>1857</span> <span class='ocrx_word' id='word_1_224' title='bbox 2831 3409 2891 3471; x_wconf 90' lang='lat' dir='ltr'>p.</span> <span class='ocrx_word' id='word_1_225' title='bbox 2937 3390 3024 3471; x_wconf 93' lang='lat' dir='ltr'>V)</span> <span class='ocrx_word' id='word_1_226' title='bbox 3089 3408 3283 3456; x_wconf 87' lang='lat' dir='ltr'>versu</span> <span class='ocrx_word' id='word_1_227' title='bbox 3342 3395 3423 3454; x_wconf 82' lang='lat'>20</span> <span class='ocrx_word' id='word_1_228' title='bbox 3485 3390 3698 3458; x_wconf 90' lang='lat' dir='ltr'>deleto</span> <span class='ocrx_word' id='word_1_229' title='bbox 3746 3410 4005 3457; x_wconf 83' lang='lat' dir='ltr'>versum</span> <span class='ocrx_word' id='word_1_230' title='bbox 4055 3398 4139 3456; x_wconf 74' lang='lat'>⁶23</span> 
     </span>
     <span class='ocr_line' id='line_1_31' title="bbox 500 3496 3511 3582; baseline -0.002 -15"><span class='ocrx_word' id='word_1_231' title='bbox 500 3507 647 3582; x_wconf 88' lang='lat' dir='ltr'>post</span> <span class='ocrx_word' id='word_1_232' title='bbox 693 3519 756 3568; x_wconf 80' lang='lat' dir='ltr'>v.</span> <span class='ocrx_word' id='word_1_233' title='bbox 809 3507 889 3564; x_wconf 77' lang='lat'>25</span> <span class='ocrx_word' id='word_1_234' title='bbox 940 3517 1183 3579; x_wconf 90' lang='lat' dir='ltr'>ponere</span> <span class='ocrx_word' id='word_1_235' title='bbox 1228 3499 1373 3565; x_wconf 88' lang='lat' dir='ltr'>vult</span> <span class='ocrx_word' id='word_1_236' title='bbox 1417 3498 1825 3562; x_wconf 88' lang='lat' dir='ltr'>lacunam</span> <span class='ocrx_word' id='word_1_237' title='bbox 1874 3500 2023 3578; x_wconf 85' lang='lat' dir='ltr'>post</span> <span class='ocrx_word' id='word_1_238' title='bbox 2072 3502 2152 3560; x_wconf 78' lang='grc'>23</span> <span class='ocrx_word' id='word_1_239' title='bbox 2202 3501 2517 3576; x_wconf 84' lang='lat' dir='ltr'>statuens,</span> <span class='ocrx_word' id='word_1_240' title='bbox 2567 3502 2643 3562; x_wconf 93' lang='lat' dir='ltr'>ut</span> <span class='ocrx_word' id='word_1_241' title='bbox 2689 3496 2794 3562; x_wconf 90' lang='lat' dir='ltr'>hic</span> <span class='ocrx_word' id='word_1_242' title='bbox 2840 3497 2996 3562; x_wconf 89' lang='lat' dir='ltr'>ordo</span> <span class='ocrx_word' id='word_1_243' title='bbox 3044 3515 3347 3563; x_wconf 87' lang='lat' dir='ltr'>versuum</span> <span class='ocrx_word' id='word_1_244' title='bbox 3395 3496 3511 3561; x_wconf 87' lang='lat' dir='ltr'>sit:</span> 
     </span>
    </p>

    <p class='ocr_par' dir='ltr' id='par_1_8' title="bbox 1352 3603 2756 4009">
     <span class='ocr_line' id='line_1_32' title="bbox 1352 3603 2621 3689; baseline -0.002 -24"><span class='ocrx_word' id='word_1_245' title='bbox 1352 3605 1583 3689; x_wconf 77' lang='grc' dir='ltr'>πλήρεις</span> <span class='ocrx_word' id='word_1_246' title='bbox 1631 3603 1844 3688; x_wconf 79' lang='grc' dir='ltr'>ἔχουσα</span> <span class='ocrx_word' id='word_1_247' title='bbox 1892 3603 2386 3688; x_wconf 49' lang='lat' dir='ltr'>&gt;totmanno-potone:</span> <span class='ocrx_word' id='word_1_248' title='bbox 2433 3604 2621 3674; x_wconf 65' lang='grc' dir='ltr'>πόλεις</span> 
     </span>
     <span class='ocr_line' id='line_1_33' title="bbox 1356 3707 2610 3796; baseline 0.001 -26"><span class='ocrx_word' id='word_1_249' title='bbox 1356 3707 1538 3771; x_wconf 77' lang='grc' dir='ltr'>Κάκεῖ.</span> <span class='ocrx_word' id='word_1_250' title='bbox 1583 3710 1864 3796; x_wconf 85' lang='grc' dir='ltr'>χορεύσας</span> <span class='ocrx_word' id='word_1_251' title='bbox 1911 3709 2005 3770; x_wconf 79' lang='grc' dir='ltr'>καὶ</span> <span class='ocrx_word' id='word_1_252' title='bbox 2052 3714 2420 3793; x_wconf 82' lang='grc' dir='ltr'>καταστήσας</span> <span class='ocrx_word' id='word_1_253' title='bbox 2467 3711 2610 3790; x_wconf 78' lang='grc' dir='ltr'>ἐμάς</span> 
     </span>
     <span class='ocr_line' id='line_1_34' title="bbox 1354 3815 2756 3902; baseline -0.001 -23"><span class='ocrx_word' id='word_1_254' title='bbox 1354 3818 1613 3891; x_wconf 75' lang='grc' dir='ltr'>τελετάς,</span> <span class='ocrx_word' id='word_1_255' title='bbox 1659 3818 1728 3877; x_wconf 75' lang='grc' dir='ltr'>ἶν’</span> <span class='ocrx_word' id='word_1_256' title='bbox 1780 3818 1900 3901; x_wconf 81' lang='grc' dir='ltr'>εἴην</span> <span class='ocrx_word' id='word_1_257' title='bbox 1949 3817 2207 3901; x_wconf 70' lang='grc' dir='ltr'>ἐμφανὴς</span> <span class='ocrx_word' id='word_1_258' title='bbox 2253 3815 2470 3896; x_wconf 79' lang='grc' dir='ltr'>δαίμων</span> <span class='ocrx_word' id='word_1_259' title='bbox 2518 3815 2756 3902; x_wconf 81' lang='grc' dir='ltr'>βροτοῖς,</span> 
     </span>
     <span class='ocr_line' id='line_1_35' title="bbox 1353 3912 2438 4009; baseline -0.003 -23"><span class='ocrx_word' id='word_1_260' title='bbox 1353 3912 1699 3996; x_wconf 66' lang='grc' dir='ltr'>ἀνωλόλυξα</span> <span class='ocrx_word' id='word_1_261' title='bbox 1746 3921 1948 4009; x_wconf 75' lang='grc' dir='ltr'>νεβρίδ’</span> <span class='ocrx_word' id='word_1_262' title='bbox 1999 3912 2222 4007; x_wconf 72' lang='grc' dir='ltr'>ἐξάψας</span> <span class='ocrx_word' id='word_1_263' title='bbox 2269 3922 2438 4008; x_wconf 79' lang='grc' dir='ltr'>χροὸς</span> 
     </span>
    </p>

    <p class='ocr_par' dir='ltr' id='par_1_9' title="bbox 1349 4028 2705 4226">
     <span class='ocr_line' id='line_1_36' title="bbox 1352 4028 2705 4117; baseline -0.001 -25"><span class='ocrx_word' id='word_1_264' title='bbox 1352 4033 1561 4117; x_wconf 83' lang='grc' dir='ltr'>θύρσον</span> <span class='ocrx_word' id='word_1_265' title='bbox 1608 4052 1671 4092; x_wconf 88' lang='grc' dir='ltr'>τε</span> <span class='ocrx_word' id='word_1_266' title='bbox 1717 4028 1848 4099; x_wconf 82' lang='grc' dir='ltr'>δούς</span> <span class='ocrx_word' id='word_1_267' title='bbox 1896 4032 1977 4099; x_wconf 78' lang='grc' dir='ltr'>εἰς</span> <span class='ocrx_word' id='word_1_268' title='bbox 2023 4031 2468 4116; x_wconf 54' lang='grc' dir='ltr'>χεῖραζκίσσινον</span> <span class='ocrx_word' id='word_1_269' title='bbox 2518 4029 2705 4111; x_wconf 77' lang='grc' dir='ltr'>βέλος.</span> 
     </span>
     <span class='ocr_line' id='line_1_37' title="bbox 1349 4135 2690 4226; baseline -0.002 -26"><span class='ocrx_word' id='word_1_270' title='bbox 1349 4142 1575 4226; x_wconf 70' lang='grc' dir='ltr'>πρώτας</span> <span class='ocrx_word' id='word_1_271' title='bbox 1622 4135 1683 4199; x_wconf 83' lang='grc' dir='ltr'>δὲ</span> <span class='ocrx_word' id='word_1_272' title='bbox 1732 4135 1932 4220; x_wconf 74' lang='grc' dir='ltr'>Θήβας</span> <span class='ocrx_word' id='word_1_273' title='bbox 1978 4135 2147 4207; x_wconf 87' lang='grc' dir='ltr'>τάςδε</span> <span class='ocrx_word' id='word_1_274' title='bbox 2192 4145 2300 4219; x_wconf 81' lang='grc' dir='ltr'>γῆς</span> <span class='ocrx_word' id='word_1_275' title='bbox 2338 4135 2690 4221; x_wconf 76' lang='grc' dir='ltr'>Ἑλληνίδος.</span> 
     </span>
    </p>

    <p class='ocr_par' dir='ltr' id='par_1_10' title="bbox 493 4239 4137 4756">
     <span class='ocr_line' id='line_1_38' title="bbox 816 4239 4134 4322; baseline -0.002 -10"><span class='ocrx_word' id='word_1_276' title='bbox 816 4246 976 4312; x_wconf 90' lang='lat' dir='ltr'>Post</span> <span class='ocrx_word' id='word_1_277' title='bbox 1053 4246 1223 4312; x_wconf 90' lang='lat' dir='ltr'>hunc</span> <span class='ocrx_word' id='word_1_278' title='bbox 1290 4263 1549 4312; x_wconf 86' lang='lat' dir='ltr'>versum</span> <span class='ocrx_word' id='word_1_279' title='bbox 1616 4262 1811 4309; x_wconf 90' lang='lat' dir='ltr'>unum</span> <span class='ocrx_word' id='word_1_280' title='bbox 1879 4243 2207 4308; x_wconf 90' lang='lat' dir='ltr'>minimum</span> <span class='ocrx_word' id='word_1_281' title='bbox 2276 4243 2668 4310; x_wconf 84' lang='lat' dir='ltr'>versiculum</span> <span class='ocrx_word' id='word_1_282' title='bbox 2738 4263 2880 4309; x_wconf 89' lang='lat' dir='ltr'>cum</span> <span class='ocrx_word' id='word_1_283' title='bbox 2938 4245 3136 4310; x_wconf 85' lang='lat' dir='ltr'>verbo</span> <span class='ocrx_word' id='word_1_284' title='bbox 3204 4239 3386 4307; x_wconf 90' lang='lat' dir='ltr'>finito</span> <span class='ocrx_word' id='word_1_285' title='bbox 3451 4241 3861 4308; x_wconf 88' lang='lat' dir='ltr'>intercidisse</span> <span class='ocrx_word' id='word_1_286' title='bbox 3924 4246 4134 4322; x_wconf 88' lang='lat' dir='ltr'>putat.</span> 
     </span>
     <span class='ocr_line' id='line_1_39' title="bbox 498 4348 4135 4435; baseline -0.002 -16"><span class='ocrx_word' id='word_1_287' title='bbox 498 4353 671 4419; x_wconf 83' lang='lat' dir='ltr'>Sane</span> <span class='ocrx_word' id='word_1_288' title='bbox 718 4373 844 4420; x_wconf 89' lang='lat' dir='ltr'>non</span> <span class='ocrx_word' id='word_1_289' title='bbox 891 4371 1059 4435; x_wconf 85' lang='lat' dir='ltr'>nego</span> <span class='ocrx_word' id='word_1_290' title='bbox 1108 4371 1370 4432; x_wconf 81' lang='lat' dir='ltr'>causaS,</span> <span class='ocrx_word' id='word_1_291' title='bbox 1438 4370 1600 4432; x_wconf 88' lang='lat' dir='ltr'>quas</span> <span class='ocrx_word' id='word_1_292' title='bbox 1645 4371 1707 4418; x_wconf 82' lang='lat' dir='ltr'>v,</span> <span class='ocrx_word' id='word_1_293' title='bbox 1760 4351 1819 4416; x_wconf 90' lang='lat' dir='ltr'>d.</span> <span class='ocrx_word' id='word_1_294' title='bbox 1871 4349 2063 4416; x_wconf 87' lang='lat' dir='ltr'>affert</span> <span class='ocrx_word' id='word_1_295' title='bbox 2108 4350 2334 4433; x_wconf 84' lang='lat' dir='ltr'>gravis</span> <span class='ocrx_word' id='word_1_296' title='bbox 2379 4351 2683 4416; x_wconf 87' lang='lat' dir='ltr'>momenti</span> <span class='ocrx_word' id='word_1_297' title='bbox 2730 4370 2872 4417; x_wconf 90' lang='lat' dir='ltr'>esse</span> <span class='ocrx_word' id='word_1_298' title='bbox 2920 4357 2988 4416; x_wconf 87' lang='lat' dir='ltr'>et</span> <span class='ocrx_word' id='word_1_299' title='bbox 3033 4349 3437 4414; x_wconf 88' lang='lat' dir='ltr'>tolerabilem</span> <span class='ocrx_word' id='word_1_300' title='bbox 3496 4367 3797 4415; x_wconf 87' lang='lat' dir='ltr'>versuum</span> <span class='ocrx_word' id='word_1_301' title='bbox 3848 4348 4135 4413; x_wconf 89' lang='lat' dir='ltr'>ordinem</span> 
     </span>
     <span class='ocr_line' id='line_1_40' title="bbox 502 4454 4137 4544; baseline -0.002 -19"><span class='ocrx_word' id='word_1_302' title='bbox 502 4460 783 4526; x_wconf 87' lang='lat' dir='ltr'>restitui.</span> <span class='ocrx_word' id='word_1_303' title='bbox 885 4460 1208 4544; x_wconf 79' lang='lat' dir='ltr'>„Primum</span> <span class='ocrx_word' id='word_1_304' title='bbox 1258 4459 1454 4539; x_wconf 89' lang='lat' dir='ltr'>enim,</span> <span class='ocrx_word' id='word_1_305' title='bbox 1505 4459 1742 4538; x_wconf 86' lang='lat' dir='ltr'>inquit,</span> <span class='ocrx_word' id='word_1_306' title='bbox 1793 4458 1859 4523; x_wconf 90' lang='lat' dir='ltr'>in</span> <span class='ocrx_word' id='word_1_307' title='bbox 1907 4458 2196 4524; x_wconf 89' lang='lat' dir='ltr'>codicum</span> <span class='ocrx_word' id='word_1_308' title='bbox 2244 4459 2568 4538; x_wconf 87' lang='lat' dir='ltr'>scriptura</span> <span class='ocrx_word' id='word_1_309' title='bbox 2611 4460 2791 4532; x_wconf 76' lang='grc' dir='ltr'>κάκεῖ,</span> <span class='ocrx_word' id='word_1_310' title='bbox 2840 4457 3007 4537; x_wconf 90' lang='lat' dir='ltr'>quod</span> <span class='ocrx_word' id='word_1_311' title='bbox 3054 4476 3274 4522; x_wconf 89' lang='lat' dir='ltr'>omnes</span> <span class='ocrx_word' id='word_1_312' title='bbox 3318 4457 3711 4539; x_wconf 83' lang='lat' dir='ltr'>intellegunt</span> <span class='ocrx_word' id='word_1_313' title='bbox 3757 4456 3843 4521; x_wconf 87' lang='lat' dir='ltr'>ad</span> <span class='ocrx_word' id='word_1_314' title='bbox 3875 4454 4137 4518; x_wconf 86' lang='lat' dir='ltr'>Thebas</span> 
     </span>
     <span class='ocr_line' id='line_1_41' title="bbox 496 4559 4134 4650; baseline -0.002 -20"><span class='ocrx_word' id='word_1_315' title='bbox 496 4566 728 4633; x_wconf 85' lang='lat' dir='ltr'>referri</span> <span class='ocrx_word' id='word_1_316' title='bbox 772 4586 900 4633; x_wconf 90' lang='lat' dir='ltr'>non</span> <span class='ocrx_word' id='word_1_317' title='bbox 945 4586 1166 4650; x_wconf 87' lang='lat' dir='ltr'>posse,</span> <span class='ocrx_word' id='word_1_318' title='bbox 1218 4585 1510 4648; x_wconf 85' lang='lat' dir='ltr'>quaeque</span> <span class='ocrx_word' id='word_1_319' title='bbox 1559 4567 1940 4645; x_wconf 82' lang='lat' dir='ltr'>sequuntur,</span> <span class='ocrx_word' id='word_1_320' title='bbox 2012 4584 2155 4630; x_wconf 90' lang='lat' dir='ltr'>cum</span> <span class='ocrx_word' id='word_1_321' title='bbox 2221 4565 2615 4645; x_wconf 89' lang='lat' dir='ltr'>superiorem</span> <span class='ocrx_word' id='word_1_322' title='bbox 2673 4563 3039 4629; x_wconf 88' lang='lat' dir='ltr'>memoriam</span> <span class='ocrx_word' id='word_1_323' title='bbox 3095 4563 3399 4629; x_wconf 90' lang='lat' dir='ltr'>itinerum</span> <span class='ocrx_word' id='word_1_324' title='bbox 3443 4563 3875 4628; x_wconf 83' lang='lat' dir='ltr'>Asiaticorum</span> <span class='ocrx_word' id='word_1_325' title='bbox 3925 4559 4134 4625; x_wconf 90' lang='lat' dir='ltr'>absol-</span> 
     </span>
     <span class='ocr_line' id='line_1_42' title="bbox 493 4666 4135 4756; baseline -0.003 -16"><span class='ocrx_word' id='word_1_326' title='bbox 493 4679 681 4755; x_wconf 80' lang='lat' dir='ltr'>vant,</span> <span class='ocrx_word' id='word_1_327' title='bbox 749 4693 1088 4756; x_wconf 86' lang='lat' dir='ltr'>perperam</span> <span class='ocrx_word' id='word_1_328' title='bbox 1153 4679 1373 4739; x_wconf 87' lang='lat' dir='ltr'>tamen</span> <span class='ocrx_word' id='word_1_329' title='bbox 1429 4674 1728 4739; x_wconf 87' lang='lat' dir='ltr'>locantur</span> <span class='ocrx_word' id='word_1_330' title='bbox 1792 4677 1859 4736; x_wconf 90' lang='lat' dir='ltr'>et</span> <span class='ocrx_word' id='word_1_331' title='bbox 1918 4672 2307 4737; x_wconf 90' lang='lat' dir='ltr'>delitescunt</span> <span class='ocrx_word' id='word_1_332' title='bbox 2359 4671 2426 4737; x_wconf 91' lang='lat' dir='ltr'>in</span> <span class='ocrx_word' id='word_1_333' title='bbox 2494 4671 2877 4737; x_wconf 88' lang='lat' dir='ltr'>secundaria</span> <span class='ocrx_word' id='word_1_334' title='bbox 2935 4673 3089 4737; x_wconf 91' lang='lat' dir='ltr'>sede</span> <span class='ocrx_word' id='word_1_335' title='bbox 3144 4675 3294 4753; x_wconf 87' lang='lat' dir='ltr'>post</span> <span class='ocrx_word' id='word_1_336' title='bbox 3339 4670 3649 4753; x_wconf 88' lang='lat' dir='ltr'>apodosin</span> <span class='ocrx_word' id='word_1_337' title='bbox 3700 4720 3713 4734; x_wconf 92' lang='lat'><strong>.</strong></span> <span class='ocrx_word' id='word_1_338' title='bbox 3768 4720 3780 4734; x_wconf 92' lang='lat'><strong>.</strong></span> <span class='ocrx_word' id='word_1_339' title='bbox 3835 4720 3848 4733; x_wconf 90' lang='lat'><strong>.</strong></span> <span class='ocrx_word' id='word_1_340' title='bbox 3900 4666 4135 4732; x_wconf 85' lang='lat' dir='ltr'>deinde</span> 
     </span>
    </p>
   </div>
   <div class='ocr_carea' id='block_1_5' title="bbox 494 4769 4134 4866">
    <p class='ocr_par' dir='ltr' id='par_1_11' title="bbox 494 4769 4134 4866">
     <span class='ocr_line' id='line_1_43' title="bbox 494 4769 4134 4866; baseline -0.001 -23"><span class='ocrx_word' id='word_1_341' title='bbox 494 4779 695 4866; x_wconf 77' lang='grc' dir='ltr'>θήβας</span> <span class='ocrx_word' id='word_1_342' title='bbox 763 4769 1111 4854; x_wconf 67' lang='grc' dir='ltr'>ἀνωλολυξα</span> <span class='ocrx_word' id='word_1_343' title='bbox 1185 4782 1348 4848; x_wconf 83' lang='lat' dir='ltr'>satis</span> <span class='ocrx_word' id='word_1_344' title='bbox 1419 4781 1731 4846; x_wconf 85' lang='lat' dir='ltr'>audacter</span> <span class='ocrx_word' id='word_1_345' title='bbox 1796 4780 2071 4859; x_wconf 83' lang='lat' dir='ltr'>dictum,</span> <span class='ocrx_word' id='word_1_346' title='bbox 2138 4779 2265 4844; x_wconf 88' lang='lat' dir='ltr'>etsi</span> <span class='ocrx_word' id='word_1_347' title='bbox 2320 4797 2448 4844; x_wconf 89' lang='lat' dir='ltr'>non</span> <span class='ocrx_word' id='word_1_348' title='bbox 2518 4779 2890 4860; x_wconf 87' lang='lat' dir='ltr'>ignoramus</span> <span class='ocrx_word' id='word_1_349' title='bbox 2969 4778 3272 4860; x_wconf 86' lang='lat' dir='ltr'>analogia</span> <span class='ocrx_word' id='word_1_350' title='bbox 3337 4776 3616 4859; x_wconf 85' lang='lat' dir='ltr'>quadam</span> <span class='ocrx_word' id='word_1_351' title='bbox 3688 4773 4134 4841; x_wconf 83' lang='lat' dir='ltr'>accusativum</span> 
     </span>
    </p>
   </div>
   <div class='ocr_carea' id='block_1_6' title="bbox 1134 4902 1151 4930">
    <p class='ocr_par' dir='ltr' id='par_1_12' title="bbox 1134 4902 1151 4930">
     <span class='ocr_line' id='line_1_44' title="bbox 1134 4902 1151 4930; baseline 0 0"><span class='ocrx_word' id='word_1_352' title='bbox 1134 4902 1151 4930; x_wconf 72' lang='lat'>2</span> 
     </span>
    </p>
   </div>
   <div class='ocr_carea' id='block_1_7' title="bbox 4512 0 4515 3986">
    <p class='ocr_par' dir='ltr' id='par_1_13' title="bbox 4512 0 4515 3986">
     <span class='ocr_line' id='line_1_45' title="bbox 4512 0 4515 3986; baseline 0 0"><span class='ocrx_word' id='word_1_353' title='bbox 4512 0 4515 3986; x_wconf 95' lang='lat' dir='ltr'> </span> 
     </span>
    </p>
   </div>
   <div class='ocr_carea' id='block_1_8' title="bbox 4513 4287 4514 5596">
    <p class='ocr_par' dir='ltr' id='par_1_14' title="bbox 4513 4287 4514 5596">
     <span class='ocr_line' id='line_1_46' title="bbox 4513 4287 4514 5596; baseline 0 0"><span class='ocrx_word' id='word_1_354' title='bbox 4513 4287 4514 5596; x_wconf 95' lang='lat' dir='ltr'> </span> 
     </span>
    </p>
   </div>
  </div>
 </body>
</html>
