<?xml version="1.0" encoding="UTF-8"?>
<!DOCTYPE html PUBLIC "-//W3C//DTD XHTML 1.0 Transitional//EN"
    "http://www.w3.org/TR/xhtml1/DTD/xhtml1-transitional.dtd">
<html xmlns="http://www.w3.org/1999/xhtml" xml:lang="en" lang="en">
 <head>
  <title>
</title>
<meta http-equiv="Content-Type" content="text/html;charset=utf-8" />
  <meta name='ocr-system' content='tesseract 3.04.00' />
  <meta name='ocr-capabilities' content='ocr_page ocr_carea ocr_par ocr_line ocrx_word'/>
</head>
<body>
  <div class='ocr_page' id='page_1' title='image "./conjectaneainal00althgoog_0008.png"; bbox 0 0 4542 5659; ppageno 0'>
   <div class='ocr_carea' id='block_1_1' title="bbox 2220 282 2316 347">
    <p class='ocr_par' dir='ltr' id='par_1_1' title="bbox 2220 282 2316 347">
     <span class='ocr_line' id='line_1_1' title="bbox 2220 282 2316 347; baseline 0.01 -1"><span class='ocrx_word' id='word_1_1' title='bbox 2220 282 2316 347; x_wconf 82' lang='lat' dir='ltr'>IV</span> 
     </span>
    </p>
   </div>
   <div class='ocr_carea' id='block_1_2' title="bbox 449 493 4088 1116">
    <p class='ocr_par' dir='ltr' id='par_1_2' title="bbox 449 493 4088 1116">
     <span class='ocr_line' id='line_1_2' title="bbox 449 493 4084 575; baseline 0.003 -14"><span class='ocrx_word' id='word_1_2' title='bbox 449 515 579 562; x_wconf 91' lang='lat' dir='ltr'>non</span> <span class='ocrx_word' id='word_1_3' title='bbox 628 493 1061 575; x_wconf 75' lang='lat' dir='ltr'>spicilegium,</span> <span class='ocrx_word' id='word_1_4' title='bbox 1135 493 1247 558; x_wconf 89' lang='lat' dir='ltr'>sed</span> <span class='ocrx_word' id='word_1_5' title='bbox 1314 493 1699 559; x_wconf 83' lang='lat' dir='ltr'>uberrimam</span> <span class='ocrx_word' id='word_1_6' title='bbox 1763 513 2037 560; x_wconf 82' lang='lat' dir='ltr'>messem</span> <span class='ocrx_word' id='word_1_7' title='bbox 2094 494 2635 562; x_wconf 86' lang='lat' dir='ltr'>observationum.</span> <span class='ocrx_word' id='word_1_8' title='bbox 2748 498 2997 564; x_wconf 83' lang='lat' dir='ltr'>Textus</span> <span class='ocrx_word' id='word_1_9' title='bbox 3043 499 3211 565; x_wconf 88' lang='lat' dir='ltr'>enim</span> <span class='ocrx_word' id='word_1_10' title='bbox 3259 501 3494 567; x_wconf 89' lang='lat' dir='ltr'>nititur</span> <span class='ocrx_word' id='word_1_11' title='bbox 3539 504 3786 569; x_wconf 88' lang='lat' dir='ltr'>duobus</span> <span class='ocrx_word' id='word_1_12' title='bbox 3833 511 4084 571; x_wconf 85' lang='lat' dir='ltr'>tantum</span> 
     </span>
     <span class='ocr_line' id='line_1_3' title="bbox 451 599 4085 692; baseline 0.001 -22"><span class='ocrx_word' id='word_1_13' title='bbox 451 602 814 686; x_wconf 78' lang='lat' dir='ltr'>codicibuS,</span> <span class='ocrx_word' id='word_1_14' title='bbox 894 602 1181 666; x_wconf 86' lang='lat' dir='ltr'>Romano</span> <span class='ocrx_word' id='word_1_15' title='bbox 1254 605 1322 665; x_wconf 91' lang='lat' dir='ltr'>et</span> <span class='ocrx_word' id='word_1_16' title='bbox 1374 599 1782 681; x_wconf 86' lang='lat' dir='ltr'>Florentino,</span> <span class='ocrx_word' id='word_1_17' title='bbox 1856 601 2195 667; x_wconf 89' lang='lat' dir='ltr'>deterioris</span> <span class='ocrx_word' id='word_1_18' title='bbox 2264 606 2487 682; x_wconf 85' lang='lat' dir='ltr'>notae,</span> <span class='ocrx_word' id='word_1_19' title='bbox 2563 602 2798 684; x_wconf 87' lang='lat' dir='ltr'>quippe</span> <span class='ocrx_word' id='word_1_20' title='bbox 2868 624 3132 685; x_wconf 87' lang='lat' dir='ltr'>quorum</span> <span class='ocrx_word' id='word_1_21' title='bbox 3205 611 3474 688; x_wconf 89' lang='lat' dir='ltr'>uterque</span> <span class='ocrx_word' id='word_1_22' title='bbox 3544 609 3785 676; x_wconf 90' lang='lat' dir='ltr'>decimo</span> <span class='ocrx_word' id='word_1_23' title='bbox 3855 618 4085 692; x_wconf 87' lang='lat' dir='ltr'>quarto</span> 
     </span>
     <span class='ocr_line' id='line_1_4' title="bbox 453 707 4084 796; baseline 0.003 -23"><span class='ocrx_word' id='word_1_24' title='bbox 453 710 705 776; x_wconf 90' lang='lat' dir='ltr'>demum</span> <span class='ocrx_word' id='word_1_25' title='bbox 755 713 901 792; x_wconf 88' lang='lat' dir='ltr'>post</span> <span class='ocrx_word' id='word_1_26' title='bbox 947 707 1272 773; x_wconf 79' lang='lat' dir='ltr'>Christum</span> <span class='ocrx_word' id='word_1_27' title='bbox 1320 708 1572 772; x_wconf 88' lang='lat' dir='ltr'>saeculo</span> <span class='ocrx_word' id='word_1_28' title='bbox 1621 708 1902 789; x_wconf 87' lang='lat' dir='ltr'>scriptus</span> <span class='ocrx_word' id='word_1_29' title='bbox 1950 708 2055 774; x_wconf 89' lang='lat' dir='ltr'>sit.</span> <span class='ocrx_word' id='word_1_30' title='bbox 2172 710 2397 789; x_wconf 87' lang='lat' dir='ltr'>Neque</span> <span class='ocrx_word' id='word_1_31' title='bbox 2446 713 2676 774; x_wconf 80' lang='lat' dir='ltr'>ext-ant</span> <span class='ocrx_word' id='word_1_32' title='bbox 2723 710 3001 791; x_wconf 78' lang='lat' dir='ltr'>scholia,</span> <span class='ocrx_word' id='word_1_33' title='bbox 3074 712 3203 777; x_wconf 88' lang='lat' dir='ltr'>nisi</span> <span class='ocrx_word' id='word_1_34' title='bbox 3249 713 3416 779; x_wconf 90' lang='lat' dir='ltr'>forte</span> <span class='ocrx_word' id='word_1_35' title='bbox 3460 715 3607 796; x_wconf 90' lang='lat' dir='ltr'>quis</span> <span class='ocrx_word' id='word_1_36' title='bbox 3655 717 3880 782; x_wconf 87' lang='lat' dir='ltr'>drama</span> <span class='ocrx_word' id='word_1_37' title='bbox 3924 717 4084 783; x_wconf 88' lang='lat' dir='ltr'>illud</span> 
     </span>
     <span class='ocr_line' id='line_1_5' title="bbox 457 814 4088 905; baseline 0.002 -22"><span class='ocrx_word' id='word_1_38' title='bbox 457 818 798 893; x_wconf 83' lang='lat' dir='ltr'>insulsum,</span> <span class='ocrx_word' id='word_1_39' title='bbox 874 815 1042 896; x_wconf 92' lang='lat' dir='ltr'>quod</span> <span class='ocrx_word' id='word_1_40' title='bbox 1100 814 1477 880; x_wconf 80' lang='lat' dir='ltr'>inscribitur</span> <span class='ocrx_word' id='word_1_41' title='bbox 1537 815 1833 880; x_wconf 85' lang='lat' dir='ltr'>Christus</span> <span class='ocrx_word' id='word_1_42' title='bbox 1904 814 2161 896; x_wconf 86' lang='lat' dir='ltr'>patiens</span> <span class='ocrx_word' id='word_1_43' title='bbox 2225 815 2610 881; x_wconf 77' lang='lat' dir='ltr'>scholiorum</span> <span class='ocrx_word' id='word_1_44' title='bbox 2669 817 2806 882; x_wconf 89' lang='lat' dir='ltr'>loco</span> <span class='ocrx_word' id='word_1_45' title='bbox 2863 819 3227 885; x_wconf 86' lang='lat' dir='ltr'>habendum</span> <span class='ocrx_word' id='word_1_46' title='bbox 3294 839 3437 886; x_wconf 85' lang='lat' dir='ltr'>esse</span> <span class='ocrx_word' id='word_1_47' title='bbox 3494 820 3752 889; x_wconf 78' lang='lat' dir='ltr'>dixerit.</span> <span class='ocrx_word' id='word_1_48' title='bbox 3847 824 4088 905; x_wconf 78' lang='lat' dir='ltr'>Utique</span> 
     </span>
     <span class='ocr_line' id='line_1_6' title="bbox 454 921 4085 1011; baseline 0.002 -21"><span class='ocrx_word' id='word_1_49' title='bbox 454 926 575 990; x_wconf 89' lang='lat' dir='ltr'>hoc</span> <span class='ocrx_word' id='word_1_50' title='bbox 621 921 906 989; x_wconf 87' lang='lat' dir='ltr'>subsidio</span> <span class='ocrx_word' id='word_1_51' title='bbox 971 921 1055 986; x_wconf 88' lang='lat' dir='ltr'>ad</span> <span class='ocrx_word' id='word_1_52' title='bbox 1101 921 1543 987; x_wconf 86' lang='lat' dir='ltr'>emendandas</span> <span class='ocrx_word' id='word_1_53' title='bbox 1591 921 1847 987; x_wconf 84' lang='lat' dir='ltr'>fabulas</span> <span class='ocrx_word' id='word_1_54' title='bbox 1894 922 2286 1003; x_wconf 86' lang='lat' dir='ltr'>Euripideas</span> <span class='ocrx_word' id='word_1_55' title='bbox 2332 941 2578 986; x_wconf 89' lang='grc'><strong>3111111116</strong></span> <span class='ocrx_word' id='word_1_56' title='bbox 2624 942 2766 988; x_wconf 89' lang='grc'><strong>011111</strong></span> <span class='ocrx_word' id='word_1_57' title='bbox 2815 924 3114 991; x_wconf 90' lang='grc'><strong>0611110116</strong></span> <span class='ocrx_word' id='word_1_58' title='bbox 3160 925 3468 991; x_wconf 87' lang='lat' dir='ltr'>utendum</span> <span class='ocrx_word' id='word_1_59' title='bbox 3516 934 3635 1005; x_wconf 91' lang='lat' dir='ltr'>est,</span> <span class='ocrx_word' id='word_1_60' title='bbox 3686 948 3828 994; x_wconf 90' lang='lat' dir='ltr'>cum</span> <span class='ocrx_word' id='word_1_61' title='bbox 3876 949 4085 1011; x_wconf 89' lang='lat' dir='ltr'>neque</span> 
     </span>
     <span class='ocr_line' id='line_1_7' title="bbox 452 1028 4088 1116; baseline 0.002 -20"><span class='ocrx_word' id='word_1_62' title='bbox 452 1031 615 1097; x_wconf 86' lang='lat' dir='ltr'>illud</span> <span class='ocrx_word' id='word_1_63' title='bbox 663 1037 906 1095; x_wconf 89' lang='lat' dir='ltr'>certum</span> <span class='ocrx_word' id='word_1_64' title='bbox 955 1028 1058 1110; x_wconf 83' lang='lat' dir='ltr'>sit,</span> <span class='ocrx_word' id='word_1_65' title='bbox 1109 1028 1406 1093; x_wconf 89' lang='lat' dir='ltr'>meliores</span> <span class='ocrx_word' id='word_1_66' title='bbox 1453 1030 1851 1093; x_wconf 87' lang='lat' dir='ltr'>Baccharum</span> <span class='ocrx_word' id='word_1_67' title='bbox 1900 1029 2151 1095; x_wconf 85' lang='lat' dir='ltr'>codices</span> <span class='ocrx_word' id='word_1_68' title='bbox 2199 1028 2580 1109; x_wconf 75' lang='lat' dir='ltr'>scriptorem</span> <span class='ocrx_word' id='word_1_69' title='bbox 2626 1029 2816 1095; x_wconf 90' lang='lat' dir='ltr'>huius</span> <span class='ocrx_word' id='word_1_70' title='bbox 2863 1029 3122 1096; x_wconf 86' lang='lat' dir='ltr'>fabulae</span> <span class='ocrx_word' id='word_1_71' title='bbox 3182 1037 3334 1097; x_wconf 90' lang='lat' dir='ltr'>ante</span> <span class='ocrx_word' id='word_1_72' title='bbox 3381 1035 3597 1099; x_wconf 88' lang='lat' dir='ltr'>oculos</span> <span class='ocrx_word' id='word_1_73' title='bbox 3645 1035 3968 1116; x_wconf 90' lang='lat' dir='ltr'>habuisse,</span> <span class='ocrx_word' id='word_1_74' title='bbox 4020 1044 4088 1102; x_wconf 90' lang='lat' dir='ltr'>et</span> 
     </span>
    </p>
   </div>
   <div class='ocr_carea' id='block_1_3' title="bbox 454 1134 4086 1311">
    <p class='ocr_par' dir='ltr' id='par_1_3' title="bbox 454 1134 4086 1311">
     <span class='ocr_line' id='line_1_8' title="bbox 454 1134 4086 1222; baseline 0.002 -20"><span class='ocrx_word' id='word_1_75' title='bbox 454 1138 522 1203; x_wconf 91' lang='lat' dir='ltr'>id</span> <span class='ocrx_word' id='word_1_76' title='bbox 570 1156 682 1219; x_wconf 89' lang='lat' dir='ltr'>per</span> <span class='ocrx_word' id='word_1_77' title='bbox 714 1156 782 1202; x_wconf 88' lang='lat' dir='ltr'>se</span> <span class='ocrx_word' id='word_1_78' title='bbox 814 1140 1054 1218; x_wconf 72' lang='lat' dir='ltr'>pateat,</span> <span class='ocrx_word' id='word_1_79' title='bbox 1104 1135 1163 1200; x_wconf 92' lang='lat' dir='ltr'>ei</span> <span class='ocrx_word' id='word_1_80' title='bbox 1198 1134 1306 1215; x_wconf 89' lang='lat' dir='ltr'>qui</span> <span class='ocrx_word' id='word_1_81' title='bbox 1340 1135 1664 1200; x_wconf 77' lang='lat' dir='ltr'>Christum</span> <span class='ocrx_word' id='word_1_82' title='bbox 1711 1137 2042 1203; x_wconf 82' lang='lat' dir='ltr'>celebrare</span> <span class='ocrx_word' id='word_1_83' title='bbox 2071 1135 2369 1214; x_wconf 83' lang='lat' dir='ltr'>voluerit,</span> <span class='ocrx_word' id='word_1_84' title='bbox 2417 1136 2624 1201; x_wconf 83' lang='lat' dir='ltr'>multa</span> <span class='ocrx_word' id='word_1_85' title='bbox 2669 1136 2755 1201; x_wconf 89' lang='lat' dir='ltr'>ad</span> <span class='ocrx_word' id='word_1_86' title='bbox 2802 1155 2985 1202; x_wconf 89' lang='lat' dir='ltr'>suum</span> <span class='ocrx_word' id='word_1_87' title='bbox 3032 1157 3216 1203; x_wconf 88' lang='lat' dir='ltr'>usmn</span> <span class='ocrx_word' id='word_1_88' title='bbox 3250 1142 3738 1222; x_wconf 80' lang='lat' dir='ltr'>argumentique</span> <span class='ocrx_word' id='word_1_89' title='bbox 3771 1144 4086 1209; x_wconf 88' lang='lat' dir='ltr'>rationem</span> 
     </span>
     <span class='ocr_line' id='line_1_9' title="bbox 454 1241 2838 1311; baseline -0.008 0"><span class='ocrx_word' id='word_1_90' title='bbox 454 1245 854 1311; x_wconf 84' lang='lat' dir='ltr'>immutanda</span> <span class='ocrx_word' id='word_1_91' title='bbox 897 1241 1116 1307; x_wconf 86' lang='lat' dir='ltr'>fnisse.</span> <span class='ocrx_word' id='word_1_92' title='bbox 2832 1242 2838 1248; x_wconf 83' lang='grc'><strong><em>·</em></strong></span> 
     </span>
    </p>
   </div>
   <div class='ocr_carea' id='block_1_4' title="bbox 456 1365 4088 1986">
    <p class='ocr_par' dir='ltr' id='par_1_4' title="bbox 456 1365 4088 1986">
     <span class='ocr_line' id='line_1_10' title="bbox 779 1365 4086 1452; baseline 0.002 -20"><span class='ocrx_word' id='word_1_93' title='bbox 779 1369 1075 1433; x_wconf 87' lang='lat' dir='ltr'>Ceterum</span> <span class='ocrx_word' id='word_1_94' title='bbox 1144 1366 1299 1431; x_wconf 90' lang='lat' dir='ltr'>mihi</span> <span class='ocrx_word' id='word_1_95' title='bbox 1364 1385 1489 1431; x_wconf 92' lang='lat' dir='ltr'>non</span> <span class='ocrx_word' id='word_1_96' title='bbox 1553 1366 1621 1432; x_wconf 89' lang='lat' dir='ltr'>in</span> <span class='ocrx_word' id='word_1_97' title='bbox 1677 1365 1887 1432; x_wconf 90' lang='lat' dir='ltr'>animo</span> <span class='ocrx_word' id='word_1_98' title='bbox 1944 1371 2045 1431; x_wconf 87' lang='lat' dir='ltr'>est</span> <span class='ocrx_word' id='word_1_99' title='bbox 2090 1365 2433 1445; x_wconf 85' lang='lat' dir='ltr'>inquirere,</span> <span class='ocrx_word' id='word_1_100' title='bbox 2485 1386 2634 1432; x_wconf 90' lang='lat' dir='ltr'>num</span> <span class='ocrx_word' id='word_1_101' title='bbox 2682 1368 2822 1433; x_wconf 89' lang='lat' dir='ltr'>iure</span> <span class='ocrx_word' id='word_1_102' title='bbox 2867 1366 2924 1436; x_wconf 90' lang='lat' dir='ltr'>B</span> <span class='ocrx_word' id='word_1_103' title='bbox 2947 1369 3327 1434; x_wconf 89' lang='lat' dir='ltr'>ernhard</span> <span class='ocrx_word' id='word_1_104' title='bbox 3341 1390 3385 1452; x_wconf 77' lang='lat' dir='ltr'><strong>y</strong></span> <span class='ocrx_word' id='word_1_105' title='bbox 3431 1375 3638 1437; x_wconf 88' lang='lat' dir='ltr'>totum</span> <span class='ocrx_word' id='word_1_106' title='bbox 3687 1373 4086 1440; x_wconf 87' lang='lat' dir='ltr'>Baccharum</span> 
     </span>
     <span class='ocr_line' id='line_1_11' title="bbox 456 1472 4088 1560; baseline 0.001 -17"><span class='ocrx_word' id='word_1_107' title='bbox 456 1478 786 1560; x_wconf 83' lang='lat' dir='ltr'>prologum</span> <span class='ocrx_word' id='word_1_108' title='bbox 819 1477 900 1541; x_wconf 88' lang='lat' dir='ltr'>ab</span> <span class='ocrx_word' id='word_1_109' title='bbox 933 1473 1245 1555; x_wconf 81' lang='lat' dir='ltr'>Euripide</span> <span class='ocrx_word' id='word_1_110' title='bbox 1292 1472 1780 1552; x_wconf 87' lang='lat' dir='ltr'>abiudicaverit‚</span> <span class='ocrx_word' id='word_1_111' title='bbox 1843 1473 1967 1538; x_wconf 88' lang='lat' dir='ltr'>etsi</span> <span class='ocrx_word' id='word_1_112' title='bbox 2015 1491 2143 1538; x_wconf 91' lang='lat' dir='ltr'>non</span> <span class='ocrx_word' id='word_1_113' title='bbox 2188 1472 2432 1537; x_wconf 86' lang='lat' dir='ltr'>infitior</span> <span class='ocrx_word' id='word_1_114' title='bbox 2463 1474 2756 1553; x_wconf 87' lang='lat' dir='ltr'>pluribus</span> <span class='ocrx_word' id='word_1_115' title='bbox 2789 1474 3283 1541; x_wconf 86' lang='lat' dir='ltr'>difficultatibus</span> <span class='ocrx_word' id='word_1_116' title='bbox 3331 1495 3475 1543; x_wconf 91' lang='lat' dir='ltr'>eum</span> <span class='ocrx_word' id='word_1_117' title='bbox 3507 1480 3819 1558; x_wconf 88' lang='lat' dir='ltr'>laborare,</span> <span class='ocrx_word' id='word_1_118' title='bbox 3869 1488 4088 1547; x_wconf 87' lang='lat' dir='ltr'>tamen</span> 
     </span>
     <span class='ocr_line' id='line_1_12' title="bbox 458 1579 4076 1669; baseline 0.001 -20"><span class='ocrx_word' id='word_1_119' title='bbox 458 1603 574 1649; x_wconf 88' lang='lat' dir='ltr'>eae</span> <span class='ocrx_word' id='word_1_120' title='bbox 620 1602 748 1648; x_wconf 91' lang='lat' dir='ltr'>non</span> <span class='ocrx_word' id='word_1_121' title='bbox 802 1582 970 1648; x_wconf 87' lang='lat' dir='ltr'>tales</span> <span class='ocrx_word' id='word_1_122' title='bbox 1035 1585 1215 1660; x_wconf 80' lang='lat' dir='ltr'>suut,</span> <span class='ocrx_word' id='word_1_123' title='bbox 1283 1585 1357 1646; x_wconf 88' lang='lat' dir='ltr'>ut</span> <span class='ocrx_word' id='word_1_124' title='bbox 1420 1600 1460 1645; x_wconf 86' lang='lat' dir='ltr'>a</span> <span class='ocrx_word' id='word_1_125' title='bbox 1524 1580 1775 1645; x_wconf 87' lang='lat' dir='ltr'>ratione</span> <span class='ocrx_word' id='word_1_126' title='bbox 1838 1580 2224 1659; x_wconf 89' lang='lat' dir='ltr'>reliquorum</span> <span class='ocrx_word' id='word_1_127' title='bbox 2290 1579 2624 1662; x_wconf 81' lang='lat' dir='ltr'>Euripidis</span> <span class='ocrx_word' id='word_1_128' title='bbox 2680 1582 3084 1664; x_wconf 89' lang='lat' dir='ltr'>prologorum</span> <span class='ocrx_word' id='word_1_129' title='bbox 3148 1583 3337 1665; x_wconf 88' lang='lat' dir='ltr'>longe</span> <span class='ocrx_word' id='word_1_130' title='bbox 3404 1585 3730 1651; x_wconf 83' lang='lat' dir='ltr'>recedant.</span> <span class='ocrx_word' id='word_1_131' title='bbox 3852 1588 4076 1669; x_wconf 87' lang='lat' dir='ltr'>Neque</span> 
     </span>
     <span class='ocr_line' id='line_1_13' title="bbox 458 1685 4086 1774; baseline 0.001 -19"><span class='ocrx_word' id='word_1_132' title='bbox 458 1689 732 1756; x_wconf 76' lang='lat' dir='ltr'>Bockhii</span> <span class='ocrx_word' id='word_1_133' title='bbox 795 1688 1186 1754; x_wconf 89' lang='lat' dir='ltr'>sententiam</span> <span class='ocrx_word' id='word_1_134' title='bbox 1248 1692 1605 1753; x_wconf 87' lang='lat' dir='ltr'>retractare</span> <span class='ocrx_word' id='word_1_135' title='bbox 1660 1687 1823 1764; x_wconf 82' lang='lat' dir='ltr'>v010‚</span> <span class='ocrx_word' id='word_1_136' title='bbox 1896 1687 2004 1767; x_wconf 91' lang='lat' dir='ltr'>qui</span> <span class='ocrx_word' id='word_1_137' title='bbox 2076 1686 2143 1752; x_wconf 91' lang='lat' dir='ltr'>in</span> <span class='ocrx_word' id='word_1_138' title='bbox 2216 1685 2484 1752; x_wconf 79' lang='lat' dir='ltr'>iuvenili</span> <span class='ocrx_word' id='word_1_139' title='bbox 2536 1686 2702 1752; x_wconf 90' lang='lat' dir='ltr'>libro</span> <span class='ocrx_word' id='word_1_140' title='bbox 2757 1688 2836 1753; x_wconf 90' lang='lat' dir='ltr'>de</span> <span class='ocrx_word' id='word_1_141' title='bbox 2901 1689 3282 1771; x_wconf 82' lang='lat' dir='ltr'>tragoediae</span> <span class='ocrx_word' id='word_1_142' title='bbox 3352 1710 3627 1773; x_wconf 79' lang='lat' dir='ltr'>graecae</span> <span class='ocrx_word' id='word_1_143' title='bbox 3692 1693 4086 1774; x_wconf 87' lang='lat' dir='ltr'>principibus</span> 
     </span>
     <span class='ocr_line' id='line_1_14' title="bbox 462 1793 4083 1879; baseline 0.001 -16"><span class='ocrx_word' id='word_1_144' title='bbox 462 1797 698 1863; x_wconf 88' lang='lat' dir='ltr'>statuit</span> <span class='ocrx_word' id='word_1_145' title='bbox 744 1795 872 1862; x_wconf 86' lang='lat' dir='ltr'>iam</span> <span class='ocrx_word' id='word_1_146' title='bbox 919 1794 1280 1876; x_wconf 82' lang='lat' dir='ltr'>antiquitus</span> <span class='ocrx_word' id='word_1_147' title='bbox 1349 1794 1663 1876; x_wconf 86' lang='lat' dir='ltr'>duplicem</span> <span class='ocrx_word' id='word_1_148' title='bbox 1710 1795 2111 1859; x_wconf 85' lang='lat' dir='ltr'>Baccharum</span> <span class='ocrx_word' id='word_1_149' title='bbox 2180 1794 2616 1859; x_wconf 88' lang='lat' dir='ltr'>recensionem</span> <span class='ocrx_word' id='word_1_150' title='bbox 2663 1793 2904 1860; x_wconf 87' lang='lat' dir='ltr'>factam</span> <span class='ocrx_word' id='word_1_151' title='bbox 2949 1815 3124 1876; x_wconf 87' lang='lat' dir='ltr'>esse,</span> <span class='ocrx_word' id='word_1_152' title='bbox 3194 1797 3320 1862; x_wconf 89' lang='lat' dir='ltr'>etsi</span> <span class='ocrx_word' id='word_1_153' title='bbox 3378 1799 3597 1879; x_wconf 87' lang='lat' dir='ltr'>plures</span> <span class='ocrx_word' id='word_1_154' title='bbox 3646 1799 4083 1879; x_wconf 76' lang='lat' dir='ltr'>difficultates,</span> 
     </span>
     <span class='ocr_line' id='line_1_15' title="bbox 460 1900 2690 1986; baseline -0.001 -18"><span class='ocrx_word' id='word_1_155' title='bbox 460 1923 625 1984; x_wconf 88' lang='lat' dir='ltr'>quae</span> <span class='ocrx_word' id='word_1_156' title='bbox 671 1903 1035 1986; x_wconf 84' lang='lat' dir='ltr'>legentibus</span> <span class='ocrx_word' id='word_1_157' title='bbox 1082 1906 1444 1980; x_wconf 83' lang='lat' dir='ltr'>occurrunt,</span> <span class='ocrx_word' id='word_1_158' title='bbox 1494 1903 1614 1966; x_wconf 87' lang='lat' dir='ltr'>hoc</span> <span class='ocrx_word' id='word_1_159' title='bbox 1660 1900 1901 1966; x_wconf 79' lang='lat' dir='ltr'>auxilio</span> <span class='ocrx_word' id='word_1_160' title='bbox 1948 1900 2087 1965; x_wconf 85' lang='lat' dir='ltr'>tolli</span> <span class='ocrx_word' id='word_1_161' title='bbox 2133 1920 2322 1981; x_wconf 85' lang='lat' dir='ltr'>posse</span> <span class='ocrx_word' id='word_1_162' title='bbox 2368 1900 2690 1966; x_wconf 85' lang='lat' dir='ltr'>videntur.</span> 
     </span>
    </p>
   </div>
   <div class='ocr_carea' id='block_1_5' title="bbox 459 2025 4087 2307">
    <p class='ocr_par' dir='ltr' id='par_1_5' title="bbox 459 2025 4087 2307">
     <span class='ocr_line' id='line_1_16' title="bbox 780 2025 4086 2108; baseline 0.002 -16"><span class='ocrx_word' id='word_1_163' title='bbox 780 2028 1182 2092; x_wconf 84' lang='lat' dir='ltr'>Baccharum</span> <span class='ocrx_word' id='word_1_164' title='bbox 1248 2026 1562 2092; x_wconf 86' lang='lat' dir='ltr'>editiones</span> <span class='ocrx_word' id='word_1_165' title='bbox 1624 2026 1780 2091; x_wconf 86' lang='lat' dir='ltr'>mihi</span> <span class='ocrx_word' id='word_1_166' title='bbox 1842 2031 2102 2108; x_wconf 88' lang='lat' dir='ltr'>praesto</span> <span class='ocrx_word' id='word_1_167' title='bbox 2164 2025 2428 2091; x_wconf 85' lang='lat' dir='ltr'>fuerunt</span> <span class='ocrx_word' id='word_1_168' title='bbox 2481 2031 2744 2107; x_wconf 87' lang='lat' dir='ltr'>praeter</span> <span class='ocrx_word' id='word_1_169' title='bbox 2797 2027 3266 2094; x_wconf 84' lang='lat' dir='ltr'>Kirchhoffium</span> <span class='ocrx_word' id='word_1_170' title='bbox 3328 2035 3394 2094; x_wconf 90' lang='lat' dir='ltr'>et</span> <span class='ocrx_word' id='word_1_171' title='bbox 3455 2031 3816 2096; x_wconf 80' lang='lat' dir='ltr'>Nauckium</span> <span class='ocrx_word' id='word_1_172' title='bbox 3876 2033 4086 2098; x_wconf 89' lang='lat' dir='ltr'>Elms·</span> 
     </span>
     <span class='ocr_line' id='line_1_17' title="bbox 461 2131 4087 2217; baseline 0.001 -17"><span class='ocrx_word' id='word_1_173' title='bbox 461 2135 569 2217; x_wconf 88' lang='lat' dir='ltr'>leji</span> <span class='ocrx_word' id='word_1_174' title='bbox 620 2141 819 2212; x_wconf 71' lang='grc'><strong>1822,</strong></span> <span class='ocrx_word' id='word_1_175' title='bbox 870 2134 1225 2199; x_wconf 86' lang='grc' dir='ltr'><strong>Η61111611111</strong></span> <span class='ocrx_word' id='word_1_176' title='bbox 1276 2140 1465 2212; x_wconf 79' lang='grc'><strong>1823,</strong></span> <span class='ocrx_word' id='word_1_177' title='bbox 1518 2131 1817 2199; x_wconf 84' lang='lat' dir='ltr'>Schoenii</span> <span class='ocrx_word' id='word_1_178' title='bbox 1870 2140 2068 2210; x_wconf 64' lang='lat'>1858,</span> <span class='ocrx_word' id='word_1_179' title='bbox 2120 2132 2513 2198; x_wconf 86' lang='lat' dir='ltr'>Weckleinii</span> <span class='ocrx_word' id='word_1_180' title='bbox 2563 2140 2755 2198; x_wconf 69' lang='lat'><strong>1876.</strong></span> <span class='ocrx_word' id='word_1_181' title='bbox 2873 2135 3226 2200; x_wconf 86' lang='lat' dir='ltr'>Praeterea</span> <span class='ocrx_word' id='word_1_182' title='bbox 3273 2135 3339 2200; x_wconf 92' lang='lat' dir='ltr'>in</span> <span class='ocrx_word' id='word_1_183' title='bbox 3386 2137 3504 2200; x_wconf 88' lang='lat' dir='ltr'>hoc</span> <span class='ocrx_word' id='word_1_184' title='bbox 3551 2137 3766 2203; x_wconf 85' lang='lat' dir='ltr'>libello</span> <span class='ocrx_word' id='word_1_185' title='bbox 3814 2139 4087 2204; x_wconf 84' lang='lat' dir='ltr'>conscri-</span> 
     </span>
     <span class='ocr_line' id='line_1_18' title="bbox 459 2240 1466 2307; baseline -0.002 0"><span class='ocrx_word' id='word_1_186' title='bbox 459 2241 668 2307; x_wconf 89' lang='lat' dir='ltr'>bendo</span> <span class='ocrx_word' id='word_1_187' title='bbox 716 2240 818 2305; x_wconf 91' lang='lat' dir='ltr'>his</span> <span class='ocrx_word' id='word_1_188' title='bbox 865 2240 1048 2306; x_wconf 90' lang='lat' dir='ltr'>libris</span> <span class='ocrx_word' id='word_1_189' title='bbox 1095 2260 1249 2306; x_wconf 89' lang='lat' dir='ltr'>usus</span> <span class='ocrx_word' id='word_1_190' title='bbox 1296 2259 1466 2305; x_wconf 90' lang='lat' dir='ltr'>sum:</span> 
     </span>
    </p>
   </div>
   <div class='ocr_carea' id='block_1_6' title="bbox 460 2364 4087 2984">
    <p class='ocr_par' dir='ltr' id='par_1_6' title="bbox 460 2364 4087 2557">
     <span class='ocr_line' id='line_1_19' title="bbox 460 2364 4087 2448; baseline 0 -15"><span class='ocrx_word' id='word_1_191' title='bbox 460 2367 721 2433; x_wconf 80' lang='lat' dir='ltr'>Bo&#39;ckh</span> <span class='ocrx_word' id='word_1_192' title='bbox 780 2366 1155 2448; x_wconf 82' lang='lat' dir='ltr'>tragoediae</span> <span class='ocrx_word' id='word_1_193' title='bbox 1201 2384 1475 2447; x_wconf 84' lang='lat' dir='ltr'>graecae</span> <span class='ocrx_word' id='word_1_194' title='bbox 1518 2364 1873 2446; x_wconf 88' lang='lat' dir='ltr'>principum</span> <span class='ocrx_word' id='word_1_195' title='bbox 1925 2383 2075 2429; x_wconf 89' lang='grc'><strong>1111111</strong></span> <span class='ocrx_word' id='word_1_196' title='bbox 2131 2382 2208 2429; x_wconf 90' lang='grc'>66</span> <span class='ocrx_word' id='word_1_197' title='bbox 2256 2383 2423 2444; x_wconf 88' lang='lat' dir='ltr'>quae</span> <span class='ocrx_word' id='word_1_198' title='bbox 2477 2370 2825 2445; x_wconf 86' lang='lat' dir='ltr'>supersunt</span> <span class='ocrx_word' id='word_1_199' title='bbox 2872 2371 2939 2429; x_wconf 89' lang='lat' dir='ltr'>et</span> <span class='ocrx_word' id='word_1_200' title='bbox 2993 2365 3274 2446; x_wconf 89' lang='lat' dir='ltr'>genuina</span> <span class='ocrx_word' id='word_1_201' title='bbox 3323 2369 3535 2432; x_wconf 89' lang='lat' dir='ltr'>omnia</span> <span class='ocrx_word' id='word_1_202' title='bbox 3584 2367 3715 2433; x_wconf 91' lang='lat' dir='ltr'>sint</span> <span class='ocrx_word' id='word_1_203' title='bbox 3760 2374 3827 2433; x_wconf 89' lang='lat' dir='ltr'>et</span> <span class='ocrx_word' id='word_1_204' title='bbox 3881 2369 4087 2435; x_wconf 87' lang='lat' dir='ltr'>forma</span> 
     </span>
     <span class='ocr_line' id='line_1_20' title="bbox 676 2471 4085 2557; baseline 0.001 -19"><span class='ocrx_word' id='word_1_205' title='bbox 676 2473 1005 2554; x_wconf 86' lang='lat' dir='ltr'>primitiva</span> <span class='ocrx_word' id='word_1_206' title='bbox 1052 2479 1314 2538; x_wconf 83' lang='lat' dir='ltr'>servata</span> <span class='ocrx_word' id='word_1_207' title='bbox 1360 2492 1444 2537; x_wconf 91' lang='lat' dir='ltr'>an</span> <span class='ocrx_word' id='word_1_208' title='bbox 1491 2491 1707 2536; x_wconf 83' lang='lat' dir='ltr'>eorum</span> <span class='ocrx_word' id='word_1_209' title='bbox 1753 2471 2017 2538; x_wconf 87' lang='lat' dir='ltr'>familiis</span> <span class='ocrx_word' id='word_1_210' title='bbox 2064 2490 2314 2552; x_wconf 89' lang='lat' dir='ltr'>quoque</span> <span class='ocrx_word' id='word_1_211' title='bbox 2361 2471 2604 2552; x_wconf 88' lang='lat' dir='ltr'>aliquid</span> <span class='ocrx_word' id='word_1_212' title='bbox 2653 2472 2888 2537; x_wconf 87' lang='lat' dir='ltr'>debeat</span> <span class='ocrx_word' id='word_1_213' title='bbox 2932 2492 3012 2537; x_wconf 86' lang='lat' dir='ltr'>ex</span> <span class='ocrx_word' id='word_1_214' title='bbox 3073 2472 3154 2538; x_wconf 89' lang='lat' dir='ltr'>iis</span> <span class='ocrx_word' id='word_1_215' title='bbox 3203 2473 3400 2539; x_wconf 86' lang='lat' dir='ltr'>tribui</span> <span class='ocrx_word' id='word_1_216' title='bbox 3447 2474 3846 2557; x_wconf 86' lang='lat' dir='ltr'>Heidelberg</span> <span class='ocrx_word' id='word_1_217' title='bbox 3897 2483 4085 2541; x_wconf 72' lang='grc'><strong>1808.</strong></span> 
     </span>
    </p>

    <p class='ocr_par' dir='ltr' id='par_1_7' title="bbox 462 2578 4087 2664">
     <span class='ocr_line' id='line_1_21' title="bbox 462 2578 4087 2664; baseline 0.001 -16"><span class='ocrx_word' id='word_1_218' title='bbox 462 2580 983 2664; x_wconf 77' lang='lat' dir='ltr'>Bernhardy</span> <span class='ocrx_word' id='word_1_219' title='bbox 1030 2580 1684 2661; x_wconf 78' lang='lat' dir='ltr'>Theologumenorum</span> <span class='ocrx_word' id='word_1_220' title='bbox 1730 2597 2105 2660; x_wconf 85' lang='lat' dir='ltr'>graecorum</span> <span class='ocrx_word' id='word_1_221' title='bbox 2152 2599 2304 2660; x_wconf 88' lang='lat' dir='ltr'>pars</span> <span class='ocrx_word' id='word_1_222' title='bbox 2361 2579 2488 2647; x_wconf 89' lang='lat' dir='ltr'><strong>III.</strong></span> <span class='ocrx_word' id='word_1_223' title='bbox 2539 2578 2606 2643; x_wconf 92' lang='lat' dir='ltr'>in</span> <span class='ocrx_word' id='word_1_224' title='bbox 2652 2579 2861 2644; x_wconf 89' lang='lat' dir='ltr'>indice</span> <span class='ocrx_word' id='word_1_225' title='bbox 2906 2580 3250 2645; x_wconf 87' lang='lat' dir='ltr'>lectionum</span> <span class='ocrx_word' id='word_1_226' title='bbox 3295 2580 3541 2646; x_wconf 87' lang='lat' dir='ltr'>hibern.</span> <span class='ocrx_word' id='word_1_227' title='bbox 3595 2582 3860 2648; x_wconf 74' lang='lat' dir='ltr'>HalenS.</span> <span class='ocrx_word' id='word_1_228' title='bbox 3897 2590 4087 2650; x_wconf 73' lang='lat'>1857.</span> 
     </span>
    </p>

    <p class='ocr_par' dir='ltr' id='par_1_8' title="bbox 466 2685 3475 2767">
     <span class='ocr_line' id='line_1_22' title="bbox 466 2685 3475 2767; baseline -0 -13"><span class='ocrx_word' id='word_1_229' title='bbox 466 2690 894 2754; x_wconf 74' lang='lat' dir='ltr'>Collmann</span> <span class='ocrx_word' id='word_1_230' title='bbox 942 2688 1020 2752; x_wconf 88' lang='lat' dir='ltr'>de</span> <span class='ocrx_word' id='word_1_231' title='bbox 1066 2688 1465 2752; x_wconf 88' lang='lat' dir='ltr'>Baccharum</span> <span class='ocrx_word' id='word_1_232' title='bbox 1514 2685 1776 2751; x_wconf 87' lang='lat' dir='ltr'>fabulae</span> <span class='ocrx_word' id='word_1_233' title='bbox 1822 2686 2215 2767; x_wconf 86' lang='lat' dir='ltr'>Euripideae</span> <span class='ocrx_word' id='word_1_234' title='bbox 2261 2686 2418 2750; x_wconf 87' lang='lat' dir='ltr'>locis</span> <span class='ocrx_word' id='word_1_235' title='bbox 2467 2687 2792 2752; x_wconf 88' lang='lat' dir='ltr'>nonnullis</span> <span class='ocrx_word' id='word_1_236' title='bbox 2841 2687 3235 2752; x_wconf 82' lang='lat' dir='ltr'>Gliickstadt</span> <span class='ocrx_word' id='word_1_237' title='bbox 3287 2694 3475 2753; x_wconf 74' lang='grc'><strong>1875.</strong></span> 
     </span>
    </p>

    <p class='ocr_par' dir='ltr' id='par_1_9' title="bbox 462 2791 3013 2872">
     <span class='ocr_line' id='line_1_23' title="bbox 462 2791 3013 2872; baseline -0 -9"><span class='ocrx_word' id='word_1_238' title='bbox 462 2793 989 2863; x_wconf 86' lang='lat' dir='ltr'>Middendorf</span> <span class='ocrx_word' id='word_1_239' title='bbox 1028 2792 1513 2860; x_wconf 76' lang='lat' dir='ltr'>observationes</span> <span class='ocrx_word' id='word_1_240' title='bbox 1559 2794 1625 2858; x_wconf 93' lang='lat' dir='ltr'>in</span> <span class='ocrx_word' id='word_1_241' title='bbox 1672 2791 2003 2872; x_wconf 83' lang='lat' dir='ltr'>Euripidis</span> <span class='ocrx_word' id='word_1_242' title='bbox 2050 2793 2342 2857; x_wconf 85' lang='lat' dir='ltr'>Bacchas</span> <span class='ocrx_word' id='word_1_243' title='bbox 2389 2793 2771 2858; x_wconf 88' lang='lat' dir='ltr'>Monasterii</span> <span class='ocrx_word' id='word_1_244' title='bbox 2823 2801 3013 2862; x_wconf 72' lang='lat'>1867.</span> 
     </span>
    </p>

    <p class='ocr_par' dir='ltr' id='par_1_10' title="bbox 462 2899 3532 2984">
     <span class='ocr_line' id='line_1_24' title="bbox 462 2899 3532 2984; baseline -0 -14"><span class='ocrx_word' id='word_1_245' title='bbox 462 2905 676 2970; x_wconf 89' lang='lat' dir='ltr'>Bock</span> <span class='ocrx_word' id='word_1_246' title='bbox 723 2904 802 2968; x_wconf 90' lang='lat' dir='ltr'>de</span> <span class='ocrx_word' id='word_1_247' title='bbox 850 2903 1250 2969; x_wconf 83' lang='lat' dir='ltr'>Baccharum</span> <span class='ocrx_word' id='word_1_248' title='bbox 1296 2903 1558 2984; x_wconf 90' lang='lat' dir='ltr'>prologo</span> <span class='ocrx_word' id='word_1_249' title='bbox 1607 2907 1674 2967; x_wconf 92' lang='lat' dir='ltr'>et</span> <span class='ocrx_word' id='word_1_250' title='bbox 1720 2902 1961 2983; x_wconf 89' lang='lat' dir='ltr'>parodo</span> <span class='ocrx_word' id='word_1_251' title='bbox 2007 2899 2456 2966; x_wconf 87' lang='lat' dir='ltr'>commentatio</span> <span class='ocrx_word' id='word_1_252' title='bbox 2503 2900 2890 2984; x_wconf 79' lang='lat' dir='ltr'>philologica</span> <span class='ocrx_word' id='word_1_253' title='bbox 2937 2903 3288 2983; x_wconf 80' lang='lat' dir='ltr'>Colbergae</span> <span class='ocrx_word' id='word_1_254' title='bbox 3345 2910 3532 2969; x_wconf 66' lang='grc'><strong>1871.</strong></span> 
     </span>
    </p>
   </div>
   <div class='ocr_carea' id='block_1_7' title="bbox 462 3025 4098 4853">
    <p class='ocr_par' dir='ltr' id='par_1_11' title="bbox 462 3025 4098 3970">
     <span class='ocr_line' id='line_1_25' title="bbox 782 3025 4089 3115; baseline -0.001 -22"><span class='ocrx_word' id='word_1_255' title='bbox 782 3029 862 3093; x_wconf 88' lang='grc' dir='ltr'>Ι11</span> <span class='ocrx_word' id='word_1_256' title='bbox 912 3047 1101 3094; x_wconf 81' lang='lat' dir='ltr'>versu</span> <span class='ocrx_word' id='word_1_257' title='bbox 1133 3033 1360 3094; x_wconf 83' lang='lat' dir='ltr'>octavo</span> <span class='ocrx_word' id='word_1_258' title='bbox 1391 3029 1662 3093; x_wconf 90' lang='lat' dir='ltr'>multum</span> <span class='ocrx_word' id='word_1_259' title='bbox 1694 3028 2080 3108; x_wconf 87' lang='lat' dir='ltr'>interpretes</span> <span class='ocrx_word' id='word_1_260' title='bbox 2128 3025 2447 3107; x_wconf 88' lang='lat' dir='ltr'>particula</span> <span class='ocrx_word' id='word_1_261' title='bbox 2477 3046 2539 3087; x_wconf 84' lang='grc' dir='ltr'>τε</span> <span class='ocrx_word' id='word_1_262' title='bbox 2571 3026 2853 3091; x_wconf 82' lang='lat' dir='ltr'>vexavit.</span> <span class='ocrx_word' id='word_1_263' title='bbox 2933 3027 3197 3092; x_wconf 64' lang='lat' dir='ltr'>Codices</span> <span class='ocrx_word' id='word_1_264' title='bbox 3230 3048 3450 3093; x_wconf 87' lang='grc'><strong>01111163</strong></span> <span class='ocrx_word' id='word_1_265' title='bbox 3484 3030 3725 3094; x_wconf 88' lang='lat' dir='ltr'>habent</span> <span class='ocrx_word' id='word_1_266' title='bbox 3774 3030 3885 3115; x_wconf 75' lang='grc' dir='ltr'>ὁρῶ</span> <span class='ocrx_word' id='word_1_267' title='bbox 3922 3080 3933 3090; x_wconf 96' lang='grc'><strong>.</strong></span> <span class='ocrx_word' id='word_1_268' title='bbox 3973 3079 3985 3091; x_wconf 96' lang='grc'><strong>.</strong></span> <span class='ocrx_word' id='word_1_269' title='bbox 4025 3078 4037 3090; x_wconf 94' lang='grc'><strong>.</strong></span> <span class='ocrx_word' id='word_1_270' title='bbox 4077 3078 4089 3090; x_wconf 94' lang='grc'><strong>.</strong></span> 
     </span>
     <span class='ocr_line' id='line_1_26' title="bbox 463 3129 4094 3221; baseline -0.001 -24"><span class='ocrx_word' id='word_1_271' title='bbox 463 3137 657 3217; x_wconf 73' lang='grc' dir='ltr'>’δόμων</span> <span class='ocrx_word' id='word_1_272' title='bbox 690 3137 894 3221; x_wconf 77' lang='grc' dir='ltr'>ἐρείπια</span> <span class='ocrx_word' id='word_1_273' title='bbox 926 3138 1218 3220; x_wconf 71' lang='grc' dir='ltr'>τυφόμενα</span> <span class='ocrx_word' id='word_1_274' title='bbox 1250 3135 1378 3195; x_wconf 77' lang='grc' dir='ltr'>Δίου</span> <span class='ocrx_word' id='word_1_275' title='bbox 1426 3155 1489 3195; x_wconf 89' lang='grc' dir='ltr'>τε</span> <span class='ocrx_word' id='word_1_276' title='bbox 1536 3133 1705 3219; x_wconf 74' lang='grc' dir='ltr'>πυρὸς</span> <span class='ocrx_word' id='word_1_277' title='bbox 1754 3134 1832 3195; x_wconf 75' lang='grc' dir='ltr'>ἔτι</span> <span class='ocrx_word' id='word_1_278' title='bbox 1866 3138 2065 3203; x_wconf 73' lang='grc' dir='ltr'>ζῶσαν</span> <span class='ocrx_word' id='word_1_279' title='bbox 2098 3133 2307 3219; x_wconf 64' lang='grc' dir='ltr'>φλόγα,</span> <span class='ocrx_word' id='word_1_280' title='bbox 2356 3133 2646 3194; x_wconf 74' lang='grc' dir='ltr'>ἀθάνατον</span> <span class='ocrx_word' id='word_1_281' title='bbox 2677 3129 2866 3218; x_wconf 73' lang='grc' dir='ltr'>Ἥρας</span> <span class='ocrx_word' id='word_1_282' title='bbox 2914 3135 3115 3220; x_wconf 77' lang='grc' dir='ltr'>μητέρ’</span> <span class='ocrx_word' id='word_1_283' title='bbox 3168 3136 3247 3204; x_wconf 71' lang='grc' dir='ltr'>εἰς</span> <span class='ocrx_word' id='word_1_284' title='bbox 3295 3135 3442 3219; x_wconf 77' lang='grc' dir='ltr'>ἐμὴν</span> <span class='ocrx_word' id='word_1_285' title='bbox 3489 3133 3660 3221; x_wconf 68' lang='grc' dir='ltr'>ὓβριν,</span> <span class='ocrx_word' id='word_1_286' title='bbox 3740 3137 4094 3202; x_wconf 77' lang='lat' dir='ltr'>Barnesius</span> 
     </span>
     <span class='ocr_line' id='line_1_27' title="bbox 462 3239 4094 3327; baseline 0 -20"><span class='ocrx_word' id='word_1_287' title='bbox 462 3239 707 3325; x_wconf 84' lang='lat' dir='ltr'>primus</span> <span class='ocrx_word' id='word_1_288' title='bbox 765 3242 1144 3324; x_wconf 84' lang='lat' dir='ltr'>particulam</span> <span class='ocrx_word' id='word_1_289' title='bbox 1212 3263 1273 3302; x_wconf 86' lang='grc' dir='ltr'>τε</span> <span class='ocrx_word' id='word_1_290' title='bbox 1332 3241 1575 3318; x_wconf 86' lang='grc'><strong>01111311,</strong></span> <span class='ocrx_word' id='word_1_291' title='bbox 1643 3240 1973 3312; x_wconf 81' lang='lat' dir='ltr'>revocavit</span> <span class='ocrx_word' id='word_1_292' title='bbox 2042 3240 2484 3322; x_wconf 84' lang='lat' dir='ltr'>Musgravius3</span> <span class='ocrx_word' id='word_1_293' title='bbox 2566 3242 2734 3322; x_wconf 85' lang='lat' dir='ltr'>Aug.</span> <span class='ocrx_word' id='word_1_294' title='bbox 2785 3242 3105 3307; x_wconf 86' lang='lat' dir='ltr'>Matthiae</span> <span class='ocrx_word' id='word_1_295' title='bbox 3164 3241 3278 3302; x_wconf 72' lang='grc' dir='ltr'>δίου</span> <span class='ocrx_word' id='word_1_296' title='bbox 3327 3240 3391 3302; x_wconf 76' lang='grc' dir='ltr'>τ’</span> <span class='ocrx_word' id='word_1_297' title='bbox 3449 3242 3526 3303; x_wconf 74' lang='grc' dir='ltr'>ἔτι</span> <span class='ocrx_word' id='word_1_298' title='bbox 3573 3247 3742 3327; x_wconf 73' lang='grc' dir='ltr'>πυρός</span> <span class='ocrx_word' id='word_1_299' title='bbox 3790 3243 3968 3308; x_wconf 86' lang='lat' dir='ltr'>dedit</span> <span class='ocrx_word' id='word_1_300' title='bbox 4014 3262 4094 3308; x_wconf 82' lang='lat' dir='ltr'>ex</span> 
     </span>
     <span class='ocr_line' id='line_1_28' title="bbox 466 3347 4094 3429; baseline -0.001 -13"><span class='ocrx_word' id='word_1_301' title='bbox 466 3350 831 3416; x_wconf 85' lang='lat' dir='ltr'>coniectura</span> <span class='ocrx_word' id='word_1_302' title='bbox 878 3349 1148 3413; x_wconf 88' lang='lat' dir='ltr'>Porsoni</span> <span class='ocrx_word' id='word_1_303' title='bbox 1195 3348 1280 3412; x_wconf 91' lang='lat' dir='ltr'>ad</span> <span class='ocrx_word' id='word_1_304' title='bbox 1329 3348 1436 3412; x_wconf 91' lang='lat' dir='ltr'>Or.</span> <span class='ocrx_word' id='word_1_305' title='bbox 1488 3353 1637 3412; x_wconf 75' lang='lat'><strong>499.</strong></span> <span class='ocrx_word' id='word_1_306' title='bbox 1734 3347 1928 3413; x_wconf 81' lang='lat' dir='ltr'>Cuius</span> <span class='ocrx_word' id='word_1_307' title='bbox 1975 3349 2174 3412; x_wconf 81' lang='lat' dir='ltr'>verba</span> <span class='ocrx_word' id='word_1_308' title='bbox 2221 3355 2400 3412; x_wconf 85' lang='lat' dir='ltr'>sunt:</span> <span class='ocrx_word' id='word_1_309' title='bbox 2474 3349 2769 3412; x_wconf 86' lang='lat' dir='ltr'>Mutatus</span> <span class='ocrx_word' id='word_1_310' title='bbox 2828 3354 2930 3413; x_wconf 87' lang='lat' dir='ltr'>est</span> <span class='ocrx_word' id='word_1_311' title='bbox 2977 3350 3315 3414; x_wconf 81' lang='lat' dir='ltr'>verborum</span> <span class='ocrx_word' id='word_1_312' title='bbox 3364 3349 3515 3413; x_wconf 90' lang='lat' dir='ltr'>ordo</span> <span class='ocrx_word' id='word_1_313' title='bbox 3573 3351 3656 3414; x_wconf 90' lang='lat' dir='ltr'>ab</span> <span class='ocrx_word' id='word_1_314' title='bbox 3703 3349 3934 3429; x_wconf 82' lang='lat' dir='ltr'>aliquo,</span> <span class='ocrx_word' id='word_1_315' title='bbox 3987 3349 4094 3429; x_wconf 88' lang='lat' dir='ltr'>qui</span> 
     </span>
     <span class='ocr_line' id='line_1_29' title="bbox 465 3453 4096 3540; baseline -0.002 -18"><span class='ocrx_word' id='word_1_316' title='bbox 465 3476 682 3523; x_wconf 86' lang='lat' dir='ltr'>vocem</span> <span class='ocrx_word' id='word_1_317' title='bbox 741 3457 819 3517; x_wconf 75' lang='grc' dir='ltr'>ἔτι</span> <span class='ocrx_word' id='word_1_318' title='bbox 883 3475 922 3520; x_wconf 91' lang='grc'>6</span> <span class='ocrx_word' id='word_1_319' title='bbox 990 3457 1185 3521; x_wconf 83' lang='lat' dir='ltr'>verbo</span> <span class='ocrx_word' id='word_1_320' title='bbox 1244 3454 1328 3518; x_wconf 89' lang='lat' dir='ltr'>ad</span> <span class='ocrx_word' id='word_1_321' title='bbox 1391 3455 1559 3535; x_wconf 87' lang='lat' dir='ltr'>quod</span> <span class='ocrx_word' id='word_1_322' title='bbox 1616 3454 2011 3536; x_wconf 79' lang='lat' dir='ltr'>pertinebat,</span> <span class='ocrx_word' id='word_1_323' title='bbox 2080 3453 2465 3519; x_wconf 85' lang='lat' dir='ltr'>disiunctam</span> <span class='ocrx_word' id='word_1_324' title='bbox 2526 3453 2696 3519; x_wconf 86' lang='lat' dir='ltr'>ferre</span> <span class='ocrx_word' id='word_1_325' title='bbox 2758 3474 2888 3519; x_wconf 91' lang='lat' dir='ltr'>non</span> <span class='ocrx_word' id='word_1_326' title='bbox 2933 3454 3175 3536; x_wconf 91' lang='lat' dir='ltr'>potuit,</span> <span class='ocrx_word' id='word_1_327' title='bbox 3233 3461 3308 3520; x_wconf 91' lang='lat' dir='ltr'>ut</span> <span class='ocrx_word' id='word_1_328' title='bbox 3365 3463 3469 3520; x_wconf 91' lang='lat' dir='ltr'>est</span> <span class='ocrx_word' id='word_1_329' title='bbox 3515 3455 3595 3520; x_wconf 91' lang='lat' dir='ltr'>ib.</span> <span class='ocrx_word' id='word_1_330' title='bbox 3650 3462 3775 3520; x_wconf 80' lang='grc'>416</span> <span class='ocrx_word' id='word_1_331' title='bbox 3827 3456 3904 3516; x_wconf 75' lang='grc' dir='ltr'>ἔτι</span> <span class='ocrx_word' id='word_1_332' title='bbox 3950 3457 4096 3540; x_wconf 80' lang='grc' dir='ltr'>πυρά</span> 
     </span>
     <span class='ocr_line' id='line_1_30' title="bbox 468 3560 4098 3648; baseline 0.001 -24"><span class='ocrx_word' id='word_1_333' title='bbox 468 3563 657 3648; x_wconf 74' lang='grc' dir='ltr'>θερμὴ</span> <span class='ocrx_word' id='word_1_334' title='bbox 705 3568 906 3646; x_wconf 70' lang='grc' dir='ltr'>τάφου.</span> <span class='ocrx_word' id='word_1_335' title='bbox 1027 3560 1309 3626; x_wconf 81' lang='lat' dir='ltr'>Maxime</span> <span class='ocrx_word' id='word_1_336' title='bbox 1379 3567 1595 3634; x_wconf 86' lang='lat' dir='ltr'>autem</span> <span class='ocrx_word' id='word_1_337' title='bbox 1667 3560 1864 3642; x_wconf 88' lang='lat' dir='ltr'>digna</span> <span class='ocrx_word' id='word_1_338' title='bbox 1928 3566 2029 3626; x_wconf 87' lang='lat' dir='ltr'>est</span> <span class='ocrx_word' id='word_1_339' title='bbox 2099 3581 2265 3642; x_wconf 87' lang='lat' dir='ltr'>quae</span> <span class='ocrx_word' id='word_1_340' title='bbox 2324 3566 2848 3627; x_wconf 86' lang='lat' dir='ltr'>commemoretur</span> <span class='ocrx_word' id='word_1_341' title='bbox 2903 3562 3036 3636; x_wconf 87' lang='lat' dir='ltr'>alia</span> <span class='ocrx_word' id='word_1_342' title='bbox 3083 3562 3432 3642; x_wconf 79' lang='lat' dir='ltr'>scriptura,</span> <span class='ocrx_word' id='word_1_343' title='bbox 3484 3580 3675 3643; x_wconf 89' lang='lat' dir='ltr'>quam</span> <span class='ocrx_word' id='word_1_344' title='bbox 3724 3561 4098 3644; x_wconf 86' lang='lat' dir='ltr'>suppeditat</span> 
     </span>
     <span class='ocr_line' id='line_1_31' title="bbox 468 3666 4096 3755; baseline -0.002 -20"><span class='ocrx_word' id='word_1_345' title='bbox 468 3670 859 3735; x_wconf 78' lang='lat' dir='ltr'>Plutarchus</span> <span class='ocrx_word' id='word_1_346' title='bbox 906 3669 973 3733; x_wconf 86' lang='lat' dir='ltr'>in</span> <span class='ocrx_word' id='word_1_347' title='bbox 1021 3669 1251 3734; x_wconf 82' lang='lat' dir='ltr'>Solone</span> <span class='ocrx_word' id='word_1_348' title='bbox 1298 3689 1355 3750; x_wconf 84' lang='grc'>1).</span> <span class='ocrx_word' id='word_1_349' title='bbox 1412 3677 1532 3734; x_wconf 82' lang='lat'>79:</span> <span class='ocrx_word' id='word_1_350' title='bbox 1599 3668 1737 3729; x_wconf 71' lang='grc' dir='ltr'>ὅθεν</span> <span class='ocrx_word' id='word_1_351' title='bbox 1786 3666 2018 3755; x_wconf 71' lang='grc' dir='ltr'>ὓστερον</span> <span class='ocrx_word' id='word_1_352' title='bbox 2066 3667 2174 3752; x_wconf 74' lang='grc' dir='ltr'>(ὡς</span> <span class='ocrx_word' id='word_1_353' title='bbox 2222 3667 2429 3752; x_wconf 78' lang='grc' dir='ltr'>ἔοικεν)</span> <span class='ocrx_word' id='word_1_354' title='bbox 2481 3671 2561 3738; x_wconf 79' lang='grc' dir='ltr'>εἰς</span> <span class='ocrx_word' id='word_1_355' title='bbox 2593 3667 2861 3755; x_wconf 66' lang='grc' dir='ltr'>διαφοράν</span> <span class='ocrx_word' id='word_1_356' title='bbox 2916 3667 3104 3729; x_wconf 74' lang='grc' dir='ltr'>αὐτῶν</span> <span class='ocrx_word' id='word_1_357' title='bbox 3162 3668 3223 3729; x_wconf 80' lang='grc' dir='ltr'>ἐν</span> <span class='ocrx_word' id='word_1_358' title='bbox 3269 3671 3342 3752; x_wconf 75' lang='grc' dir='ltr'>τῇ</span> <span class='ocrx_word' id='word_1_359' title='bbox 3405 3667 3653 3751; x_wconf 73' lang='grc' dir='ltr'>πολιτείᾳ</span> <span class='ocrx_word' id='word_1_360' title='bbox 3694 3675 4096 3730; x_wconf 79' lang='grc' dir='ltr'>καταστάντων</span> 
     </span>
     <span class='ocr_line' id='line_1_32' title="bbox 468 3773 4097 3862; baseline -0.001 -25"><span class='ocrx_word' id='word_1_361' title='bbox 468 3776 629 3838; x_wconf 69' lang='grc' dir='ltr'>οὐδὲν</span> <span class='ocrx_word' id='word_1_362' title='bbox 699 3778 935 3859; x_wconf 67' lang='grc' dir='ltr'>ἢνεῖκεν</span> <span class='ocrx_word' id='word_1_363' title='bbox 993 3777 1030 3860; x_wconf 82' lang='grc' dir='ltr'>ἡ</span> <span class='ocrx_word' id='word_1_364' title='bbox 1090 3776 1274 3861; x_wconf 73' lang='grc' dir='ltr'>ἔχθρα</span> <span class='ocrx_word' id='word_1_365' title='bbox 1341 3776 1590 3862; x_wconf 73' lang='grc' dir='ltr'>σκληρόν</span> <span class='ocrx_word' id='word_1_366' title='bbox 1655 3773 1783 3835; x_wconf 72' lang='grc' dir='ltr'>οὐδ’</span> <span class='ocrx_word' id='word_1_367' title='bbox 1860 3778 2046 3861; x_wconf 63' lang='grc' dir='ltr'>ἄγριον</span> <span class='ocrx_word' id='word_1_368' title='bbox 2091 3777 2308 3848; x_wconf 71' lang='grc' dir='ltr'>πάθος,</span> <span class='ocrx_word' id='word_1_369' title='bbox 2367 3775 2520 3835; x_wconf 81' lang='grc' dir='ltr'>ἀλλα</span> <span class='ocrx_word' id='word_1_370' title='bbox 2568 3777 2898 3860; x_wconf 75' lang='grc' dir='ltr'>παρέμεινεν</span> <span class='ocrx_word' id='word_1_371' title='bbox 2946 3776 3132 3837; x_wconf 78' lang='grc' dir='ltr'>ἐκεῖνα</span> <span class='ocrx_word' id='word_1_372' title='bbox 3179 3777 3251 3835; x_wconf 80' lang='grc' dir='ltr'>τά</span> <span class='ocrx_word' id='word_1_373' title='bbox 3306 3775 3486 3835; x_wconf 76' lang='grc' dir='ltr'>δίκαια</span> <span class='ocrx_word' id='word_1_374' title='bbox 3532 3781 3655 3845; x_wconf 79' lang='grc' dir='ltr'>ταῖς</span> <span class='ocrx_word' id='word_1_375' title='bbox 3702 3777 3937 3859; x_wconf 74' lang='grc' dir='ltr'>ψυχαῖς,</span> <span class='ocrx_word' id='word_1_376' title='bbox 4006 3773 4097 3833; x_wconf 78' lang='grc' dir='ltr'>καὶ</span> 
     </span>
     <span class='ocr_line' id='line_1_33' title="bbox 468 3871 3377 3970; baseline -0.001 -26"><span class='ocrx_word' id='word_1_377' title='bbox 468 3871 840 3970; x_wconf 61' lang='grc' dir='ltr'>παρεφύλαξε</span> <span class='ocrx_word' id='word_1_378' title='bbox 888 3885 1217 3968; x_wconf 63' lang='grc' dir='ltr'>τυφομένην</span> <span class='ocrx_word' id='word_1_379' title='bbox 1266 3882 1435 3969; x_wconf 66' lang='grc' dir='ltr'>ἁδροῦ</span> <span class='ocrx_word' id='word_1_380' title='bbox 1482 3882 1652 3968; x_wconf 70' lang='grc' dir='ltr'>πυρὸς</span> <span class='ocrx_word' id='word_1_381' title='bbox 1700 3882 1778 3942; x_wconf 74' lang='grc' dir='ltr'>ἔτι</span> <span class='ocrx_word' id='word_1_382' title='bbox 1827 3885 2028 3950; x_wconf 72' lang='grc' dir='ltr'>ζῶσαν</span> <span class='ocrx_word' id='word_1_383' title='bbox 2075 3881 2263 3966; x_wconf 59' lang='grc' dir='ltr'>φλόγα</span> <span class='ocrx_word' id='word_1_384' title='bbox 2311 3881 2415 3965; x_wconf 75' lang='grc' dir='ltr'>τὴν</span> <span class='ocrx_word' id='word_1_385' title='bbox 2463 3880 2735 3967; x_wconf 79' lang='grc' dir='ltr'>ἐρωτικὴν</span> <span class='ocrx_word' id='word_1_386' title='bbox 2784 3886 3016 3966; x_wconf 77' lang='grc' dir='ltr'>μνήμην</span> <span class='ocrx_word' id='word_1_387' title='bbox 3063 3880 3155 3942; x_wconf 80' lang='grc' dir='ltr'>καὶ</span> <span class='ocrx_word' id='word_1_388' title='bbox 3200 3887 3377 3966; x_wconf 80' lang='grc' dir='ltr'>χάριν.</span> 
     </span>
    </p>

    <p class='ocr_par' dir='ltr' id='par_1_12' title="bbox 466 4004 4098 4627">
     <span class='ocr_line' id='line_1_34' title="bbox 790 4004 4098 4093; baseline -0.001 -21"><span class='ocrx_word' id='word_1_389' title='bbox 790 4008 958 4073; x_wconf 85' lang='lat' dir='ltr'>Sane</span> <span class='ocrx_word' id='word_1_390' title='bbox 1004 4009 1164 4073; x_wconf 82' lang='lat' dir='ltr'>haec</span> <span class='ocrx_word' id='word_1_391' title='bbox 1210 4026 1335 4073; x_wconf 79' lang='lat' dir='ltr'>vox</span> <span class='ocrx_word' id='word_1_392' title='bbox 1384 4007 1555 4093; x_wconf 73' lang='grc' dir='ltr'>ἁδροῦ</span> <span class='ocrx_word' id='word_1_393' title='bbox 1602 4007 1805 4073; x_wconf 84' lang='grc'><strong>11111116</strong></span> <span class='ocrx_word' id='word_1_394' title='bbox 1852 4012 2076 4072; x_wconf 85' lang='grc'><strong>0011116</strong></span> <span class='ocrx_word' id='word_1_395' title='bbox 2123 4025 2194 4071; x_wconf 88' lang='grc'>36</span> <span class='ocrx_word' id='word_1_396' title='bbox 2241 4006 2459 4071; x_wconf 89' lang='lat' dir='ltr'>habet.</span> <span class='ocrx_word' id='word_1_397' title='bbox 2556 4006 2696 4073; x_wconf 88' lang='lat' dir='ltr'>Non</span> <span class='ocrx_word' id='word_1_398' title='bbox 2746 4005 2915 4071; x_wconf 91' lang='lat' dir='ltr'>enim</span> <span class='ocrx_word' id='word_1_399' title='bbox 2963 4005 3242 4088; x_wconf 87' lang='lat' dir='ltr'>intelligi</span> <span class='ocrx_word' id='word_1_400' title='bbox 3287 4011 3518 4088; x_wconf 87' lang='lat' dir='ltr'>potest,</span> <span class='ocrx_word' id='word_1_401' title='bbox 3568 4004 3721 4086; x_wconf 90' lang='lat' dir='ltr'>quid</span> <span class='ocrx_word' id='word_1_402' title='bbox 3766 4004 3889 4070; x_wconf 89' lang='lat' dir='ltr'>sibi</span> <span class='ocrx_word' id='word_1_403' title='bbox 3935 4004 4098 4070; x_wconf 82' lang='lat' dir='ltr'>velit</span> 
     </span>
     <span class='ocr_line' id='line_1_35' title="bbox 468 4111 4098 4201; baseline -0.002 -18"><span class='ocrx_word' id='word_1_404' title='bbox 468 4114 625 4179; x_wconf 87' lang='lat' dir='ltr'>illud</span> <span class='ocrx_word' id='word_1_405' title='bbox 674 4114 844 4200; x_wconf 68' lang='grc' dir='ltr'>ἁδροῦ</span> <span class='ocrx_word' id='word_1_406' title='bbox 890 4114 1060 4201; x_wconf 70' lang='grc' dir='ltr'>πυρὸς</span> <span class='ocrx_word' id='word_1_407' title='bbox 1083 4162 1098 4180; x_wconf 88' lang='grc'><strong>.</strong></span> <span class='ocrx_word' id='word_1_408' title='bbox 1169 4134 1494 4195; x_wconf 88' lang='lat' dir='ltr'>nunquam</span> <span class='ocrx_word' id='word_1_409' title='bbox 1541 4115 1709 4180; x_wconf 86' lang='lat' dir='ltr'>enim</span> <span class='ocrx_word' id='word_1_410' title='bbox 1756 4114 2093 4195; x_wconf 84' lang='lat' dir='ltr'>quisquam</span> <span class='ocrx_word' id='word_1_411' title='bbox 2162 4113 2330 4179; x_wconf 77' lang='lat' dir='ltr'>dixit</span> <span class='ocrx_word' id='word_1_412' title='bbox 2377 4119 2479 4199; x_wconf 77' lang='grc' dir='ltr'>πῦρ</span> <span class='ocrx_word' id='word_1_413' title='bbox 2529 4112 2695 4199; x_wconf 70' lang='grc' dir='ltr'>ἁδρὸν</span> <span class='ocrx_word' id='word_1_414' title='bbox 2716 4164 2730 4190; x_wconf 85' lang='grc'><strong>,</strong></span> <span class='ocrx_word' id='word_1_415' title='bbox 2803 4131 3128 4194; x_wconf 89' lang='lat' dir='ltr'>nunquam</span> <span class='ocrx_word' id='word_1_416' title='bbox 3174 4112 3426 4178; x_wconf 91' lang='lat' dir='ltr'>omnino</span> <span class='ocrx_word' id='word_1_417' title='bbox 3481 4111 3720 4193; x_wconf 86' lang='lat' dir='ltr'>tragici</span> <span class='ocrx_word' id='word_1_418' title='bbox 3776 4111 4098 4177; x_wconf 84' lang='lat' dir='ltr'>adiectivo</span> 
     </span>
     <span class='ocr_line' id='line_1_36' title="bbox 468 4218 4097 4308; baseline -0.003 -17"><span class='ocrx_word' id='word_1_419' title='bbox 468 4220 637 4306; x_wconf 70' lang='grc' dir='ltr'>ἁδρὸς</span> <span class='ocrx_word' id='word_1_420' title='bbox 683 4227 972 4288; x_wconf 78' lang='grc'><strong>6111111111.</strong></span> <span class='ocrx_word' id='word_1_421' title='bbox 1068 4225 1307 4287; x_wconf 72' lang='lat' dir='ltr'>Contra</span> <span class='ocrx_word' id='word_1_422' title='bbox 1357 4222 1485 4283; x_wconf 82' lang='grc' dir='ltr'>Δῖον</span> <span class='ocrx_word' id='word_1_423' title='bbox 1548 4226 1651 4308; x_wconf 70' lang='grc' dir='ltr'>πῦρ</span> <span class='ocrx_word' id='word_1_424' title='bbox 1698 4221 1935 4303; x_wconf 91' lang='lat' dir='ltr'>optime</span> <span class='ocrx_word' id='word_1_425' title='bbox 1984 4241 2052 4286; x_wconf 90' lang='lat' dir='ltr'>se</span> <span class='ocrx_word' id='word_1_426' title='bbox 2106 4220 2329 4300; x_wconf 86' lang='lat' dir='ltr'>habet,</span> <span class='ocrx_word' id='word_1_427' title='bbox 2401 4225 2665 4300; x_wconf 88' lang='lat' dir='ltr'>praeter</span> <span class='ocrx_word' id='word_1_428' title='bbox 2726 4219 2888 4285; x_wconf 87' lang='lat' dir='ltr'>alios</span> <span class='ocrx_word' id='word_1_429' title='bbox 2955 4220 3122 4286; x_wconf 86' lang='lat' dir='ltr'>dixit</span> <span class='ocrx_word' id='word_1_430' title='bbox 3176 4219 3523 4300; x_wconf 89' lang='lat' dir='ltr'>Euripides</span> <span class='ocrx_word' id='word_1_431' title='bbox 3568 4220 3704 4284; x_wconf 88' lang='lat' dir='ltr'>Alc.</span> <span class='ocrx_word' id='word_1_432' title='bbox 3770 4226 3837 4284; x_wconf 85' lang='lat'>5:</span> <span class='ocrx_word' id='word_1_433' title='bbox 3914 4219 3977 4280; x_wconf 70' lang='grc' dir='ltr'>οὗ</span> <span class='ocrx_word' id='word_1_434' title='bbox 4025 4218 4097 4302; x_wconf 76' lang='grc' dir='ltr'>δὴ</span> 
     </span>
     <span class='ocr_line' id='line_1_37' title="bbox 466 4323 4095 4414; baseline -0.001 -27"><span class='ocrx_word' id='word_1_435' title='bbox 466 4328 755 4413; x_wconf 74' lang='grc' dir='ltr'>χολωθεὶς</span> <span class='ocrx_word' id='word_1_436' title='bbox 816 4330 1088 4398; x_wconf 75' lang='grc' dir='ltr'>τέκτονας</span> <span class='ocrx_word' id='word_1_437' title='bbox 1136 4329 1262 4389; x_wconf 77' lang='grc' dir='ltr'>Δίου</span> <span class='ocrx_word' id='word_1_438' title='bbox 1323 4328 1493 4414; x_wconf 79' lang='grc' dir='ltr'>πυρὸς</span> <span class='ocrx_word' id='word_1_439' title='bbox 1555 4331 1751 4390; x_wconf 75' lang='grc' dir='ltr'>κτείνω</span> <span class='ocrx_word' id='word_1_440' title='bbox 1810 4325 2138 4397; x_wconf 74' lang='grc' dir='ltr'>Κύκλωπας</span> <span class='ocrx_word' id='word_1_441' title='bbox 2193 4332 2261 4393; x_wconf 77' lang='lat' dir='ltr'>et</span> <span class='ocrx_word' id='word_1_442' title='bbox 2323 4326 2544 4408; x_wconf 84' lang='lat' dir='ltr'>Suppl.</span> <span class='ocrx_word' id='word_1_443' title='bbox 2597 4332 2759 4392; x_wconf 78' lang='lat'>934:</span> <span class='ocrx_word' id='word_1_444' title='bbox 2820 4327 2916 4387; x_wconf 80' lang='grc' dir='ltr'>τὸν</span> <span class='ocrx_word' id='word_1_445' title='bbox 2964 4326 3069 4408; x_wconf 80' lang='grc' dir='ltr'>μὲν</span> <span class='ocrx_word' id='word_1_446' title='bbox 3125 4325 3252 4396; x_wconf 78' lang='grc' dir='ltr'>Διὸς</span> <span class='ocrx_word' id='word_1_447' title='bbox 3295 4325 3586 4410; x_wconf 65' lang='grc' dir='ltr'>πληγέντα</span> <span class='ocrx_word' id='word_1_448' title='bbox 3634 4323 3908 4387; x_wconf 79' lang='grc' dir='ltr'>Καπανέα</span> <span class='ocrx_word' id='word_1_449' title='bbox 3954 4327 4095 4410; x_wconf 76' lang='grc' dir='ltr'>πυρί.</span> 
     </span>
     <span class='ocr_line' id='line_1_38' title="bbox 466 4431 4098 4520; baseline -0.002 -21"><span class='ocrx_word' id='word_1_450' title='bbox 466 4434 909 4500; x_wconf 69' lang='lat' dir='ltr'>&#39;Weckleinius</span> <span class='ocrx_word' id='word_1_451' title='bbox 942 4435 1071 4496; x_wconf 81' lang='grc' dir='ltr'>Δῖον</span> <span class='ocrx_word' id='word_1_452' title='bbox 1117 4441 1220 4520; x_wconf 77' lang='grc' dir='ltr'>πῦρ</span> <span class='ocrx_word' id='word_1_453' title='bbox 1269 4434 1600 4516; x_wconf 78' lang='lat' dir='ltr'>explicans</span> <span class='ocrx_word' id='word_1_454' title='bbox 1633 4434 1906 4516; x_wconf 80' lang='grc' dir='ltr'>Διοβολον</span> <span class='ocrx_word' id='word_1_455' title='bbox 1949 4440 2054 4519; x_wconf 78' lang='grc' dir='ltr'>πῦρ</span> <span class='ocrx_word' id='word_1_456' title='bbox 2103 4433 2293 4499; x_wconf 79' lang='lat' dir='ltr'>affert</span> <span class='ocrx_word' id='word_1_457' title='bbox 2325 4434 2521 4498; x_wconf 76' lang='lat' dir='ltr'>etiam</span> <span class='ocrx_word' id='word_1_458' title='bbox 2577 4433 2717 4498; x_wconf 77' lang='lat' dir='ltr'>Ale.</span> <span class='ocrx_word' id='word_1_459' title='bbox 2770 4440 2893 4497; x_wconf 76' lang='lat'>1⁶28</span> <span class='ocrx_word' id='word_1_460' title='bbox 2944 4432 3215 4514; x_wconf 77' lang='grc' dir='ltr'>Διοβολον</span> <span class='ocrx_word' id='word_1_461' title='bbox 3260 4432 3547 4519; x_wconf 73' lang='grc' dir='ltr'>πλῆκτρον</span> <span class='ocrx_word' id='word_1_462' title='bbox 3592 4431 3762 4518; x_wconf 78' lang='grc' dir='ltr'>πυρὸς</span> <span class='ocrx_word' id='word_1_463' title='bbox 3810 4433 4098 4517; x_wconf 73' lang='grc' dir='ltr'>κεραυνίου</span> 
     </span>
     <span class='ocr_line' id='line_1_39' title="bbox 469 4539 2387 4627; baseline -0.003 -22"><span class='ocrx_word' id='word_1_464' title='bbox 469 4547 536 4605; x_wconf 80' lang='lat' dir='ltr'>et</span> <span class='ocrx_word' id='word_1_465' title='bbox 581 4542 816 4606; x_wconf 76' lang='lat' dir='ltr'>Bacch.</span> <span class='ocrx_word' id='word_1_466' title='bbox 870 4549 996 4605; x_wconf 74' lang='lat'>599</span> <span class='ocrx_word' id='word_1_467' title='bbox 1047 4539 1462 4627; x_wconf 78' lang='grc' dir='ltr'>κεραυνοβολος</span> <span class='ocrx_word' id='word_1_468' title='bbox 1510 4540 1663 4602; x_wconf 80' lang='grc' dir='ltr'>ἐλιπε</span> <span class='ocrx_word' id='word_1_469' title='bbox 1709 4541 1900 4626; x_wconf 55' lang='grc' dir='ltr'>φλόγα</span> <span class='ocrx_word' id='word_1_470' title='bbox 1945 4541 2074 4601; x_wconf 84' lang='grc' dir='ltr'>Δίου</span> <span class='ocrx_word' id='word_1_471' title='bbox 2131 4539 2387 4627; x_wconf 70' lang='grc' dir='ltr'>βροντᾶς.</span> 
     </span>
    </p>

    <p class='ocr_par' dir='ltr' id='par_1_13' title="bbox 471 4662 4098 4853">
     <span class='ocr_line' id='line_1_40' title="bbox 790 4662 4098 4750; baseline -0.002 -20"><span class='ocrx_word' id='word_1_472' title='bbox 790 4666 934 4731; x_wconf 82' lang='lat' dir='ltr'>Non</span> <span class='ocrx_word' id='word_1_473' title='bbox 1004 4666 1208 4748; x_wconf 87' lang='lat' dir='ltr'>igitur</span> <span class='ocrx_word' id='word_1_474' title='bbox 1265 4665 1716 4744; x_wconf 87' lang='lat' dir='ltr'>dubitandum,</span> <span class='ocrx_word' id='word_1_475' title='bbox 1766 4665 1921 4746; x_wconf 89' lang='lat' dir='ltr'>quin</span> <span class='ocrx_word' id='word_1_476' title='bbox 1981 4666 2098 4730; x_wconf 90' lang='lat' dir='ltr'>hoc</span> <span class='ocrx_word' id='word_1_477' title='bbox 2144 4665 2231 4730; x_wconf 88' lang='lat' dir='ltr'>sit</span> <span class='ocrx_word' id='word_1_478' title='bbox 2279 4666 2362 4730; x_wconf 85' lang='lat' dir='ltr'>ab</span> <span class='ocrx_word' id='word_1_479' title='bbox 2407 4664 2718 4746; x_wconf 89' lang='lat' dir='ltr'>Euripide</span> <span class='ocrx_word' id='word_1_480' title='bbox 2765 4664 3074 4745; x_wconf 86' lang='lat' dir='ltr'>scriptum</span> <span class='ocrx_word' id='word_1_481' title='bbox 3121 4663 3237 4725; x_wconf 76' lang='grc' dir='ltr'>’δίου</span> <span class='ocrx_word' id='word_1_482' title='bbox 3282 4662 3455 4750; x_wconf 76' lang='grc' dir='ltr'>πυρὸς</span> <span class='ocrx_word' id='word_1_483' title='bbox 3503 4664 3582 4725; x_wconf 75' lang='grc' dir='ltr'>ἔτι</span> <span class='ocrx_word' id='word_1_484' title='bbox 3632 4667 3832 4732; x_wconf 74' lang='grc' dir='ltr'>ζῶσαν</span> <span class='ocrx_word' id='word_1_485' title='bbox 3878 4663 4098 4748; x_wconf 64' lang='grc' dir='ltr'>φλόγας</span> 
     </span>
     <span class='ocr_line' id='line_1_41' title="bbox 471 4769 4093 4853; baseline -0.001 -17"><span class='ocrx_word' id='word_1_486' title='bbox 471 4772 587 4837; x_wconf 86' lang='grc'><strong>3611</strong></span> <span class='ocrx_word' id='word_1_487' title='bbox 633 4771 982 4853; x_wconf 87' lang='lat' dir='ltr'>quaeritur,</span> <span class='ocrx_word' id='word_1_488' title='bbox 1035 4772 1346 4853; x_wconf 87' lang='lat' dir='ltr'>quomodo</span> <span class='ocrx_word' id='word_1_489' title='bbox 1393 4773 1551 4838; x_wconf 86' lang='lat' dir='ltr'>haec</span> <span class='ocrx_word' id='word_1_490' title='bbox 1585 4773 1785 4838; x_wconf 82' lang='lat' dir='ltr'>verba</span> <span class='ocrx_word' id='word_1_491' title='bbox 1824 4770 2259 4853; x_wconf 89' lang='lat' dir='ltr'>intellegenda</span> <span class='ocrx_word' id='word_1_492' title='bbox 2306 4771 2454 4850; x_wconf 88' lang='lat' dir='ltr'>sint,</span> <span class='ocrx_word' id='word_1_493' title='bbox 2505 4770 2811 4852; x_wconf 92' lang='lat' dir='ltr'>quomodo</span> <span class='ocrx_word' id='word_1_494' title='bbox 2858 4790 3002 4836; x_wconf 91' lang='lat' dir='ltr'>cum</span> <span class='ocrx_word' id='word_1_495' title='bbox 3043 4770 3577 4837; x_wconf 88' lang='lat' dir='ltr'>antecedentibus</span> <span class='ocrx_word' id='word_1_496' title='bbox 3627 4769 4093 4852; x_wconf 88' lang='lat' dir='ltr'>coniungenda.</span> 
     </span>
    </p>
   </div>
   <div class='ocr_carea' id='block_1_8' title="bbox 4535 16 4540 635">
    <p class='ocr_par' dir='ltr' id='par_1_14' title="bbox 4535 16 4540 635">
     <span class='ocr_line' id='line_1_42' title="bbox 4535 16 4540 635; baseline 0 0"><span class='ocrx_word' id='word_1_497' title='bbox 4535 16 4540 635; x_wconf 95' lang='lat' dir='ltr'> </span> 
     </span>
    </p>
   </div>
   <div class='ocr_carea' id='block_1_9' title="bbox 4527 780 4542 3381">
    <p class='ocr_par' dir='ltr' id='par_1_15' title="bbox 4527 780 4542 3381">
     <span class='ocr_line' id='line_1_43' title="bbox 4527 780 4542 3381; baseline 0 0"><span class='ocrx_word' id='word_1_498' title='bbox 4527 780 4542 3381; x_wconf 95' lang='lat' dir='ltr'> </span> 
     </span>
    </p>
   </div>
   <div class='ocr_carea' id='block_1_10' title="bbox 4530 3718 4542 5626">
    <p class='ocr_par' dir='ltr' id='par_1_16' title="bbox 4530 3718 4542 5626">
     <span class='ocr_line' id='line_1_44' title="bbox 4530 3718 4542 5626; baseline 0 0"><span class='ocrx_word' id='word_1_499' title='bbox 4530 3718 4542 5626; x_wconf 95' lang='lat' dir='ltr'> </span> 
     </span>
    </p>
   </div>
  </div>
 </body>
</html>
