4542 5659
2266 349 2432 417 XIV

846 561 1093 646 Quibus
1138 561 1434 629 versibus
1480 565 1788 628 accurate
1832 563 2228 646 respondere
2275 564 2421 631 vult
2467 583 2595 644 eOS,
2645 565 2755 646 qui
2801 570 2955 630 sunt
2999 565 3067 631 in
3112 566 3554 649 antistropha:

1379 687 1589 772 λοχίοις
1635 685 1891 749 δἀὐτίκα
1938 710 2015 749 νιν
2061 675 2274 760 δέξατο
2321 689 2610 771 θαλάμοις
2659 686 2934 776 Κρονίδας
2980 687 3142 765 Ζεύς,

1379 796 1526 856 κατά
1574 798 1744 881 μηρῷ
1790 794 1851 857 δὲ
1901 796 2164 879 καλύψας
2210 798 2524 884 χρυσέαισιν
2571 795 2867 883 συνερείδει

1376 905 1633 987 περόναις
1680 901 1920 988 κρυπτὸν
1966 903 2065 988 ἀφ’
2099 900 2306 990 Ἥρας.

1380 1009 1573 1071 ἔτεκεν
1620 1008 1838 1071 δ’ἁνίκα
1886 1017 2070 1096 μοῖραι
2117 1010 2361 1072 τέλεσαν
2408 1011 2765 1096 ταυροκὲρων
2811 1010 2968 1084 θεόν,
3257 1031 3314 1060 f
3337 1039 3352 1052 =

1379 1119 1745 1202 στεφάνωσέν
1791 1137 1854 1179 τε
1900 1116 2221 1203 δρακόντιον
2269 1123 2586 1203 στεφάνοις,
2635 1117 2802 1179 ἐνθεν
2849 1119 3025 1204 ἄγραν
3071 1118 3182 1204 θη-

1378 1227 1640 1311 ροτρόφοι
1688 1220 1980 1293 Μαινάδες
2026 1222 2483 1310 ἀμφιβάλλονται
2527 1224 2856 1306 πλοκάμοις.

843 1350 1176 1416 Habemus
1195 1401 1210 1428 ,
1259 1348 1471 1430 inquit
1514 1349 1612 1429 B.‚
1661 1349 1933 1431 primum
1981 1348 2396 1430 decapodiam
2439 1348 2489 1414 J
2488 1349 2812 1415 onicorum
2868 1368 2910 1415 a
2953 1350 3197 1416 minore
3243 1350 3591 1434 integram,
3648 1352 3716 1417 in
3762 1355 3959 1420 tertio
4004 1355 4168 1438 pede

522 1458 862 1540 longarum
892 1456 1106 1539 priore
1138 1456 1352 1522 soluta
1381 1456 1450 1522 in
1481 1457 1713 1521 breves
1745 1455 1925 1535 duas,
1959 1455 2028 1521 in
2060 1455 2332 1536 septimo
2362 1474 2518 1521 vero
2550 1455 2854 1522 brevibus
2887 1456 3140 1523 duabus
3172 1458 3523 1524 contractis
3553 1458 3621 1524 in
3661 1476 3855 1524 unam
3884 1461 4163 1542 longam.

521 1565 757 1632 Altera
822 1582 976 1646 pars
1042 1568 1112 1630 et
1164 1563 1307 1644 ipsa
1373 1561 1725 1644 decapodia
1789 1566 1916 1641 est,
1978 1562 2071 1628 sic
2125 1566 2343 1627 tamen
2410 1567 2483 1628 ut
2537 1561 2766 1628 decimi
2820 1562 3007 1644 pedis
3065 1562 3297 1628 ultima
3353 1564 3609 1647 syllaba
3653 1564 3871 1631 brevis
3917 1565 4006 1631 sit
4047 1586 4166 1648 pro

522 1673 744 1755 longa,
823 1690 900 1737 ac
963 1669 1232 1753 proinde
1298 1669 1465 1736 arsis
1530 1669 1740 1735 ultimi
1804 1669 1994 1735 huius
2050 1669 2096 1736 J
2099 1669 2264 1734 onici
2330 1688 2372 1733 a
2427 1669 2670 1734 minore
2727 1687 2858 1734 una
2923 1688 3067 1735 cnm
3123 1668 3377 1736 adiecto
3446 1671 3726 1752 spondeo
3773 1670 4014 1738 efficiat
4069 1672 4164 1738 di-

523 1778 778 1861 podiam
822 1777 1232 1858 trochaicam,
1281 1795 1584 1844 numerus
1630 1794 1782 1842 vero
1814 1777 1861 1844 J
1864 1776 2084 1842 onicus
2130 1776 2389 1842 desinat
2432 1774 2501 1842 in
2541 1775 3101 1855 Anacreonticum,
3152 1776 3256 1842 cui
3302 1776 3605 1859 deinceps
3651 1776 3916 1842 additur
3961 1779 4164 1846 chori-

524 1888 751 1953 ambus
795 1903 915 1967 per
959 1884 1380 1951 mutationem
1426 1883 1694 1961 numeri,
1743 1901 1935 1963 quam
1968 1882 2206 1949 Graeci
2250 1887 2487 1948 vocant
2535 1880 2886 1966 μεταβολήν.
2981 1883 3186 1949 Plane
3233 1882 3458 1948 eodem
3503 1902 3747 1966 genere
3791 1902 3976 1950 usum
4022 1905 4165 1952 esse

522 1993 916 2075 Aeschylum
961 1992 1144 2058 Pers.
1198 1997 1280 2056 72
1330 2010 1447 2071 sq„
1495 1990 1621 2056 nisi
1667 1989 1835 2070 quod
1880 2008 2007 2056 uno
2052 1991 2356 2056 trochaeo
2401 1989 2660 2056 brevius
2706 1995 2981 2055 metrum
3026 1989 3142 2055 sit:

1380 2113 1638 2177 Κυάνεον
1683 2114 1953 2196 δ’ὅμμασι
1996 2114 2261 2177 λεύσσων
2306 2117 2496 2202 φόνιον
2542 2112 2759 2200 δέργμα
2805 2113 3112 2200 δράκοντος

1374 2222 1639 2308 πολύχειρ
1686 2221 1780 2283 καὶ
1823 2220 2180 2306 πολυναύτης
2218 2218 2427 2307 Σύριον
2473 2220 2685 2307 δ’ἄρμα
2732 2220 2951 2283 διώκων

1380 2330 1571 2412 ἐπάγει
1616 2328 1993 2415 δουρικλύτοις
2039 2327 2268 2414 ἀνδράσι
2316 2315 2681 2413 τοξοδάμνην
2713 2327 2906 2414 Ἄρην.

1178 2437 1333 2503 Ant.
1385 2435 1614 2517 δόκιμος
1658 2435 1708 2496 δ’
1759 2435 1906 2506 οὔτις
1954 2433 2197 2505 ὑποστάς
2246 2435 2483 2519 μεγαλῳ
2526 2431 2761 2521 ῥεύματι
2805 2440 3016 2520 φωτῶν

1381 2543 1603 2629 ἐχυροῖς
1649 2543 1865 2628 ἕρκεσιν
1913 2543 2109 2627 εἴργειν
2155 2543 2383 2629 ἄμαχον
2430 2548 2584 2622 κῦμα
2629 2542 2956 2612 θαλάσσας.

1376 2653 1735 2737 ἀπρόςοιστος
1783 2650 1888 2736 γάρ
1936 2649 1965 2710 ὁ
2013 2646 2245 2736 Περσᾶν
2293 2648 2533 2735 στρατός
2578 2648 2868 2736 ἀλκίφρων
2915 2670 2977 2710 τε
3022 2649 3184 2719 λαός.

1122 2758 1327 2842 Epod.
1378 2757 1686 2842 δολόμητιν
1731 2756 1782 2818 δ’
1833 2759 2056 2819 ἀπάταν
2102 2757 2242 2818 θεοῦ
2291 2758 2370 2825 τίς
2415 2756 2558 2841 ἀνὴρ
2605 2755 2817 2827 θνατὸς
2864 2743 3099 2838 &RN-{523

1376 2867 1456 2937 τίς
1505 2867 1534 2926 ὸ
1582 2867 1828 2950 κραιπνῷ
1874 2863 1995 2925 πόδι
2040 2862 2380 2948 πηδήματος
2427 2862 2696 2932 εὐπετοῦς
2743 2866 3036 2945 ἀνάσσων;

1376 2973 1667 3060 φιλόφρων
1711 2972 1817 3058 γάρ
1866 2972 2187 3057 παρασαίνει
2236 2967 2436 3056 βροτὸν
2485 2971 2568 3039 εἰς
2615 2971 2828 3056 ἄρκυας
2876 2972 3008 3044 ἄτα,

1382 3081 1556 3141 τόθεν
1605 3080 1705 3140 ὁυκ
1755 3079 1904 3140 ἔστιν
1952 3075 2090 3138 ὑπὲκ
2140 3075 2354 3137 θνατὸν
2400 3064 2700 3147 άλυξαντα
2746 3084 2958 3161 φυγεῖν.

841 3226 1021 3291 Idem
1076 3231 1348 3291 metrum
1415 3229 1516 3289 est
1572 3222 1740 3303 quod
1786 3219 2130 3286 Horatium
2177 3219 2245 3284 in
2292 3218 2682 3285 carminibus
2748 3219 2902 3304 (111,
2944 3225 3022 3284 12
3077 3219 3495 3303 „miserarum
3542 3218 3715 3304 est“)
3783 3220 4158 3287 adhibuisse

521 3336 693 3401 inter
740 3352 957 3400 omnes
1005 3337 1278 3401 constat.
1372 3332 1534 3396 Post
1570 3330 1970 3396 Boeckhium
2017 3326 2408 3392 recentiores
2449 3326 2700 3392 metrici
2733 3332 2800 3391 et
2846 3326 3126 3392 editores
3172 3331 3348 3392 recte
3397 3327 3482 3392 ad
3526 3326 3858 3393 breviores
3903 3345 4154 3408 versuS,

522 3443 630 3524 qui
677 3441 933 3507 facilius
981 3454 1048 3506 et
1095 3440 1295 3505 oculis
1344 3443 1412 3504 et
1457 3438 1719 3503 auribus
1766 3433 2216 3517 comprehendi
2262 3433 2533 3515 possint,
2583 3433 2932 3501 redierunt.
3025 3434 3105 3499 In
3152 3433 3464 3516 Aeschyli
3511 3433 3647 3499 loco
3696 3438 3950 3499 tantum
3998 3434 4156 3501 Din-

522 3550 760 3615 dorfius
807 3547 1130 3631 longiores
1176 3565 1405 3613 versus
1453 3545 1759 3622 servavit,
1810 3547 2031 3609 nostro
2080 3539 2363 3606 editores
2411 3559 2628 3606 omnes
2674 3539 3004 3606 breviores
3036 3541 3485 3620 restituerunt,
3536 3545 3791 3607 tantum
3823 3541 3890 3607 in
3920 3541 4155 3607 finibus

520 3658 826 3739 strophae
892 3661 961 3721 et
1028 3654 1474 3736 antistrophae
1533 3650 1998 3718 constituendis
2068 3666 2176 3715 eos
2233 3649 2403 3713 inter
2471 3666 2541 3713 se
2596 3646 2853 3712 differre
2921 3647 3127 3715 video,
3256 3647 3720 3728 KirchhoffiUS,
3801 3647 4155 3728 NauckiUS,

522 3764 963 3831 Weckleinius
1013 3762 1426 3845 digesserunt
1468 3760 1593 3825 ita:

1377 3882 1633 3971 Φρυγίων
1680 3871 1748 3954 ἐξ
1798 3883 1973 3968 ὁρέων
2012 3879 2293 3949 Ἑλλάδος
2341 3881 2422 3950 εἰς
2791 3910 3811 3930 ψψψψψψψψψψψ

1378 3993 1716 4079 εὐρυχόρους
1760 3990 1954 4072 ἀγυίας
2000 3988 2095 4049 τὸν
2144 3986 2384 4074 Βρόμιον
2784 4016 3808 4037 -----------

973 4106 1109 4171 ant.
1160 4105 1457 4186 στεφάνοις
1506 4098 1670 4160 ἐνθεν
1718 4098 1893 4182 ἄγραν
1940 4096 2281 4182 θυρσοφόροι

1377 4205 1641 4289 μαινάδες
1686 4201 2141 4289 ἁμφιβάλλονται
2184 4200 2521 4280 πλοκάμοις.

688 4318 902 4384 Aliter
947 4314 1323 4382 Schoenius:
1376 4311 1632 4399 Φρυγίων
1678 4300 1745 4383 ἐξ
1797 4311 1971 4396 ὁρέων
2009 4307 2155 4369 Ἐλ-
2781 4337 3490 4356 --------

1371 4420 1551 4490 λάδος
1599 4421 1678 4490 εἰς
1727 4417 2064 4504 εὐρυχόρους
2110 4416 2324 4498 άγυίας,
2780 4443 3712 4464 ψψψψψψψψψψ

1384 4528 1479 4589 τόν
1528 4524 1784 4613 Βρόμιον.
2777 4557 2826 4565 -
2875 4553 2914 4570 ψ
2962 4552 3002 4571 ψ
3043 4556 3092 4565 .-

1185 4643 1321 4702 ant.
1372 4640 1689 4720 στεφάνοις,
1740 4631 1906 4694 ἐνθεν
1953 4633 2129 4717 ἄγραν
2177 4630 2310 4715 θυρ-

1378 4745 1605 4828 σοφόροι
1652 4738 1944 4808 Μαινάδες
1990 4736 2382 4823 ἀμφιβάλλον·

1376 4871 1463 4911 ται
1509 4848 1838 4929 πλοκάμοις.
