4542 5659
2248 333 2389 399 XII

1350 544 1429 605 ἔτι
1475 544 1563 605 ναὶ
1610 546 1713 605 τάν
1763 544 2059 632 βοτρυιί1ὂη

1350 651 1615 713 Διονύσου
1663 657 1820 738 χάριν
1869 654 2022 723 οἴνας

1348 758 1427 819 ἔτι
1474 780 1557 819 σοι
1604 765 1701 820 τοῦ
1754 757 1993 846 Βρομίου
2040 762 2281 845 μελήσει

496 866 558 930 h.
611 884 664 931 e.
765 866 1102 946 „Bromius
1148 865 1269 931 tibi
1326 884 1519 931 curae
1568 865 1763 946 erit,“
1833 867 1918 932 ad
1963 888 2151 949 quem
2198 869 2407 935 locum
2452 869 2892 935 Weckleinius
2941 871 3107 936 bene
3155 868 3349 936 affert
3396 871 3628 937 Aesch.
3679 871 3890 937 Prom.
3948 880 4103 940 167:

1351 972 1389 1056 ἢ
1438 971 1553 1055 μὴν
1602 971 1684 1034 ἐτ’
1736 973 1897 1053 ἐμοῦ,
1948 977 2140 1061 καίπερ
2191 983 2488 1062 κρατεραῖς

1351 1079 1412 1140 ἐν
1458 1079 1766 1160 γυιοπέδαις
1815 1082 2179 1161 αἰκιζομένου

1351 1187 1543 1272 χρείαν
1594 1175 1708 1258 ἕξει
1756 1194 2030 1273 μακάριον
2078 1189 2356 1274 πρύτανις.

820 1295 979 1360 Post
1028 1294 1146 1359 hoc
1194 1293 1502 1359 sollemne
1552 1292 1883 1360 exordium
1930 1295 2162 1362 chorus
2220 1296 2288 1361 in
2334 1294 2616 1362 secundo
2665 1297 3078 1378 stropharum
3134 1297 3276 1379 pari
3336 1297 3566 1379 incipit
3612 1317 3832 1363 eorum
3881 1299 4139 1365 beatam

497 1408 737 1469 sortem
789 1402 1147 1478 celebrare,
1209 1400 1317 1481 qui
1365 1400 1730 1467 divinorum
1774 1401 2018 1468 Bacchi
2064 1403 2518 1485 mysteriorum
2566 1389 2918 1485 participes
2965 1403 3125 1469 facti
3172 1409 3348 1483 sunt,
3400 1411 3467 1469 et
3512 1417 3806 1470 veterum
3855 1406 3935 1470 de
3982 1405 4142 1471 miro

496 1509 623 1577 Dei
669 1515 864 1591 partu
912 1507 1197 1573 fabulam
1244 1513 1496 1573 narrat:

823 1619 1111 1698 „Beatus
1167 1615 1278 1681 ille
1337 1616 1717 1697 quicumque
1774 1616 1934 1683 felix
1994 1635 2183 1681 sacra
2244 1616 2508 1682 deorum
2565 1616 2778 1682 sciens
2837 1617 3038 1683 vitam
3099 1624 3325 1682 sancte
3380 1619 3524 1699 agit
3591 1623 3660 1683 et
3729 1624 4145 1685 consecratur

500 1724 746 1802 anima,
796 1723 862 1789 in
912 1722 1235 1788 montibus
1282 1723 1631 1802 bacchanS‚
1685 1722 1890 1788 sacris
1937 1722 2451 1805 purgationibuS,
2503 1729 2572 1788 et
2617 1724 2846 1788 matris
2893 1742 3170 1805 magnae
3219 1724 3497 1806 Cybeles
3545 1726 3728 1807 orgia
3786 1726 3912 1790 rite
3957 1745 4145 1807 pera-

498 1850 661 1914 gens
708 1831 1128 1913 thyrsumque
1176 1829 1477 1909 quatiens
1524 1834 1593 1895 et
1638 1829 1881 1895 hedera
1929 1834 2273 1896 coronatus
2319 1830 2649 1895 Bacchum
2693 1839 3063 1895 veneratur.
3159 1830 3264 1895 Ite
3311 1832 3628 1908 Bacchae,
3678 1832 3771 1896 ite
3817 1831 4138 1910 Bacchae,

498 1937 826 2004 Bromium
871 1936 1077 2015 deum,
1127 1936 1252 2005 Dei
1300 1936 1501 2002 filium
1543 1936 1903 2016 Dionysum
1950 1935 2344 2002 deducentes
2392 1955 2472 2001 ex
2520 1936 2828 2018 Phrygiis
2874 1936 3198 2002 montibus
3244 1936 3310 2002 in
3358 1938 3526 2003 latos
3577 1938 3754 2003 vicos
3800 1939 4138 2018 Graeciae,

500 2045 843 2110 Bromium.
942 2044 1147 2125 Quem
1180 2063 1322 2109 cum
1353 2044 1503 2109 olim
1536 2049 1830 2125 gestaret
1861 2044 1927 2108 in
1960 2049 2186 2125 partus
2220 2043 2707 2125 puerperalibus
2742 2043 3089 2118 laboribus,
3126 2044 3400 2109 cadente
3435 2045 3611 2110 Iovis
3658 2043 3924 2111 fulmine
3957 2050 4142 2112 utero

498 2152 777 2217 eiectum
822 2155 1034 2215 mater
1078 2151 1358 2232 peperit,
1409 2150 1781 2230 relinquens
1828 2150 2033 2216 vitam
2080 2149 2390 2215 fulminea
2436 2151 2651 2232 plaga.
2746 2150 3253 2232 Puerperalibus
3301 2157 3518 2216 autem
3565 2152 3873 2218 thalamis
3921 2153 4146 2218 statim

503 2256 847 2324 Saturnius
894 2258 1158 2338 Jupiter
1202 2276 1345 2323 eum
1396 2258 1655 2342 excepit
1703 2262 1772 2323 et
1818 2258 2151 2323 occultans
2198 2257 2265 2323 in
2313 2255 2554 2322 femore
2602 2256 2817 2322 aureis
2863 2256 3078 2323 fibulis
3125 2258 3390 2323 inclusit
3434 2258 3729 2324 abditum
3775 2277 3817 2324 a
3862 2259 3908 2324 J
3913 2277 4142 2325 unone.

504 2367 859 2445 Postquam
918 2370 1134 2430 autem
1200 2383 1435 2445 parcae
1482 2364 1922 2448 perfecerunt,
1981 2365 2387 2446 cornigerum
2446 2365 2635 2429 deum
2693 2364 2946 2446 peperit
3012 2369 3078 2429 et
3139 2365 3486 2430 draconum
3548 2367 3743 2430 sertis
3791 2365 4144 2444 coronavit,

504 2472 675 2538 unde
726 2491 837 2537 eos
884 2477 1109 2551 captos
1159 2471 1570 2553 thyrsigerae
1620 2471 1977 2537 Maenades
2025 2471 2310 2537 crinibus
2358 2471 2493 2564 suits
2539 2471 2943 2537 innectunt.“

824 2579 903 2643 In
948 2595 1006 2643 v.
1046 2585 1126 2641 95
1176 2578 1325 2643 libri
1372 2578 1617 2644 habent
1664 2578 1973 2658 θαλάμοις,
2023 2579 2191 2658 quod
2238 2577 2379 2643 sine
2426 2596 2625 2644 causa
2670 2597 2712 2643 a
2758 2577 2919 2644 viris
2967 2579 3173 2643 doctis
3219 2585 3529 2646 vexatum
3576 2585 3698 2645 est.
3792 2579 3885 2644 Et
3915 2579 4147 2645 Weck-

502 2686 734 2751 leinius
792 2685 1047 2766 quidem
1106 2684 1300 2750 scribi
1370 2686 1513 2751 Vult
1568 2685 1891 2766 θαλάμαις,
1950 2690 2023 2749 ut
2079 2685 2274 2750 etiam
2339 2704 2402 2753 V.
2454 2693 2610 2751 561:
2672 2686 2732 2746 ἐν
2790 2693 2912 2755 ταῖς
2966 2685 3427 2772 πολυδενόρεσσιν
3477 2683 3775 2765 Ὀλύμπου
3835 2687 4146 2766 θαλάμαις,

505 2812 649 2858 cum
718 2792 1082 2874 Hesychius
1151 2792 1393 2857 habeat
1458 2793 1702 2876 θαλάμη
1773 2792 2033 2877 τρώγλη,
2120 2791 2452 2862 κατάδυσις,
2527 2792 2823 2871 θάλαμος,
2901 2792 3084 2862 οἶκος,
3169 2795 3369 2877 μυχός.
3497 2791 3624 2857 Sed
3695 2811 3902 2857 nonne
3979 2793 4146 2858 idem

507 2900 708 2965 etiam
754 2899 1180 2965 masculinum
1230 2899 1499 2979 θάλαμος
1544 2899 1913 2982 significare
1958 2899 2213 2981 potest?
2261 2899 2417 2963 mihi
2449 2898 2704 2979 quidem
2737 2901 2821 2964 ab
2864 2898 3114 2988 origine
3161 2901 3333 2966 inter
3379 2905 3721 2980 utrumque
3766 2900 4150 2965 vocabulum

506 3006 781 3086 θάλαμος
828 3010 898 3071 et
946 3007 1189 3090 θαλάμη
1238 3007 1480 3071 nullum
1527 3007 1631 3072 vel
1680 3025 1951 3087 parvum
2000 3005 2339 3071 discrimen
2387 3005 2587 3071 fuisse
2635 3006 2926 3081 videtur,
2989 3025 3130 3071 cum
3177 3013 3517 3085 utrumque
3564 3011 3743 3071 certe
3792 3008 3873 3071 ab
3922 3007 4150 3072 eadem

509 3113 714 3194 stirpe
785 3112 1138 3178 derivetur.
1255 3113 1553 3194 Ineptum
1612 3119 1716 3178 est
1771 3113 1939 3193 quod
2004 3113 2520 3196 Etymologicum
2585 3132 2888 3195 magnum
2934 3115 3208 3194 praebet
3253 3114 3371 3179 sub
3418 3132 3479 3179 v,
3595 3113 3898 3194 θάλαμοςε
3951 3116 4000 3174 εἰ
4047 3113 4152 3194 μὲν

507 3222 765 3305 σημαίνει
810 3220 907 3280 τὸν
953 3222 1078 3280 νέον
1126 3220 1298 3288 οἶκον,
1348 3220 1408 3282 ἐν
1440 3219 1488 3303 ᾦ
1537 3222 1846 3306 εἰςερχεται
1892 3222 1927 3303 ἦ
1978 3241 2041 3282 τε
2089 3221 2283 3306 νύμφη
2334 3219 2426 3281 καὶ
2472 3221 2502 3280 ὁ
2548 3223 2803 3305 νυμφίος,
2852 3222 3069 3302 γενεται
3115 3221 3264 3305 παρά
3311 3220 3375 3280 τὸ
3423 3220 3654 3288 θάλλω,
3706 3221 3750 3280 εἰ
3797 3218 3857 3280 δὲ
3895 3223 4152 3304 σημαίνει

508 3327 613 3410 τὴν
646 3329 839 3394 οὶκίαν,
888 3329 1091 3408 γίνεται
1122 3328 1271 3412 παρά
1314 3326 1378 3387 τὸ
1410 3327 1641 3398 {leimam
1692 3329 2001 3412 θερμαίνω,
2051 3346 2191 3392 cum
2224 3327 2516 3393 omnibus
2550 3327 2687 3392 fere
2729 3326 2887 3392 locis
2921 3327 3151 3407 quibus
3181 3328 3343 3392 haec
3374 3327 3689 3392 vocabula
3736 3326 4154 3392 inveniuntur

510 3434 815 3516 primaria
864 3434 962 3500 vis
1010 3441 1077 3499 et
1136 3434 1524 3516 significatio
1582 3435 1667 3500 sit
1724 3435 1903 3501 locus
1950 3454 2073 3515 quo
2122 3436 2264 3515 quis
2314 3455 2383 3500 se
2430 3434 2689 3515 recipit,
2750 3452 2872 3514 quo
2921 3434 3074 3514 quid
3123 3434 3288 3498 clam
3335 3433 3438 3512 fit,
3507 3440 3580 3499 ut
3645 3452 3772 3498 non
3829 3433 4148 3499 videatur.

512 3541 639 3606 Sed
687 3542 900 3607 altera
949 3542 1242 3621 quaestio
1289 3542 1395 3606 hic
1441 3540 1683 3619 existit,
1734 3547 1952 3606 utrum
1999 3541 2059 3607 h.
2111 3541 2149 3606 l.
2200 3541 2562 3607 cubiculum
2608 3541 2948 3623 coniugale
3005 3559 3092 3605 an
3152 3547 3376 3606 uterus
3422 3540 3543 3605 hoc
3589 3541 3786 3606 verbo
3834 3539 4154 3622 significe-

514 3654 640 3715 tur.
734 3647 826 3715 Et
872 3649 1231 3718 Schoenius
1279 3648 1536 3729 quidem
1581 3653 1772 3730 putat
1817 3648 1996 3713 Iovis
2044 3646 2252 3713 femur
2299 3667 2415 3729 per
2462 3648 2804 3730 imaginem
2856 3647 3208 3729 significari
3256 3645 3477 3713 eodem
3524 3646 3707 3712 modo
3756 3665 3878 3727 quo
3926 3653 4154 3728 postea

515 3756 710 3817 ε’τεκεν
777 3755 1033 3820 dicatur
1088 3755 1169 3820 de
1230 3760 1438 3837 patre.
1546 3753 1841 3840 (‚,Durch
1885 3755 2093 3840 λοχίοις
2142 3755 2428 3834 θαλάμοις
2475 3753 2641 3820 wird
2688 3755 2792 3820 die
2824 3755 3031 3820 Hiifte
3078 3755 3193 3819 des
3226 3755 3394 3820 Zeus
3441 3754 3708 3819 bildlich
3755 3754 4150 3820 bezeichnet.

511 3864 1018 3948 Entsprechend
1076 3863 1257 3928 steht
1327 3863 1613 3928 nachher
1671 3863 1865 3923 ἔτεκεν
1928 3861 1996 3927 in
2062 3861 2205 3926 dem
2255 3862 2481 3941 Smne,
2549 3860 2676 3928 wie
2736 3867 2918 3927 sonst
2974 3880 3103 3927 von
3168 3860 3284 3925 der
3330 3860 3674 3944 Mutter“).
3765 3859 3938 3924 Fere
3987 3860 4152 3925 idem

511 3970 964 4036 Weckleinius
1011 3971 1253 4035 sentire
1302 3969 1578 4049 videtur,
1630 3988 1773 4035 cum
1821 3968 1981 4034 dicit
2026 3968 2127 4034 his
2174 3970 2393 4036 verbis
2439 3988 2672 4036 novum
2720 3974 2975 4034 uterum
3024 3967 3407 4050 significari,
3457 3968 3525 4033 in
3581 3986 3703 4047 quo
3763 3967 3936 4031 fetus
4001 3985 4156 4031 non-

517 4076 667 4142 dum
714 4082 1007 4142 maturus
1055 4095 1256 4157 usque
1303 4077 1388 4141 ad
1435 4076 1783 4142 secundum
1828 4081 2085 4158 partum
2132 4075 2463 4141 nutriatur
2519 4077 2739 4159 („eine
2783 4093 2948 4141 neue
2995 4075 3333 4157 Hohlung‚
3403 4093 3502 4139 wo
3563 4093 3635 4138 er
3692 4091 3809 4138 zur
3874 4073 4156 4140 zweiten

515 4184 772 4250 Geburt
801 4183 1007 4249 reifen
1050 4181 1333 4268 sollte“)‚
1385 4202 1549 4264 quae
1580 4185 1783 4248 verba
1828 4201 2022 4248 versu
2064 4189 2375 4262 sequente
2421 4182 2789 4248 accuratius
2838 4182 3243 4264 explicentur
3289 4182 3436 4242 κατά
3469 4184 3636 4265 μήρῷ
3681 4179 3744 4242 δὲ
3779 4180 4043 4263 καλύψας
4089 4185 4156 4246 et

515 4291 765 4356 confert
812 4289 896 4355 ad
942 4291 1109 4355 hanc
1155 4291 1546 4356 sententiam
1594 4288 2121 4368 confirmandam,
2174 4308 2340 4369 quae
2387 4308 2446 4356 v.
2504 4296 2627 4354 526
2678 4290 2906 4356 chorus
2954 4291 3174 4355 Iovem
3224 4287 3544 4353 dicentem
3593 4287 3784 4353 facit:
3843 4289 3942 4356 ἴθι,
3992 4287 4157 4348 Διθύ-

514 4396 689 4483 ραμβ’
741 4397 883 4477 ἐμάν
932 4400 1142 4483 ἄρσενα
1188 4397 1354 4459 τάνδε
1405 4396 1539 4479 βᾶθι
1585 4396 1774 4481 νηδύν.
1870 4397 2009 4462 Iam
2056 4415 2183 4461 non
2230 4415 2400 4478 nego
2432 4396 2767 4477 aptissime
2813 4397 2988 4461 Iovis
3035 4395 3243 4460 femur
3289 4414 3432 4461 cum
3479 4401 3663 4461 utero
3711 4414 3830 4477 per
3876 4415 3946 4460 se
3994 4413 4157 4458 com-

517 4504 737 4586 param·
802 4524 1019 4587 posse,
1092 4525 1260 4587 nego
1326 4511 1543 4570 autem
1602 4505 1704 4569 hic
1759 4505 1897 4569 fieri
1966 4522 2045 4569 ea
2112 4522 2311 4569 causa
2358 4522 2550 4583 quam
2593 4505 2741 4577 ¹iam
2799 4504 2934 4568 Leo
2981 4501 3311 4568 Adrianus
3358 4501 3585 4568 attulit
3643 4501 3736 4585 (in
3794 4500 4010 4566 libello
4077 4500 4157 4566 de

518 4612 769 4677 cantico
819 4611 987 4692 quod
1034 4617 1137 4677 est
1183 4612 1353 4694 apud
1398 4610 1777 4693 Euripidem
1821 4611 2056 4675 Bacch.
2112 4615 2461 4676 367—426
2505 4610 2757 4677 Gorlitz
2811 4607 3031 4693 1860),
3084 4609 3253 4690 quod
3299 4609 3640 4674 admodum
3696 4608 4045 4673 invenusta
4092 4612 4160 4671 et

519 4718 834 4800 languida
882 4717 1056 4783 foret
1103 4718 1389 4784 eiusdem
1434 4718 1714 4784 notionis
1760 4717 2061 4798 repetitio
2108 4717 2314 4802 (λόχιοι
2360 4717 2616 4797 θάλαμοι
2663 4716 2702 4782 i.
2740 4736 2794 4782 e.
2849 4717 3055 4782 femur
3102 4723 3168 4782 et
3215 4715 3475 4782 femoris
3522 4715 3903 4781 vocabulum
3950 4715 4156 4796 ipsum

521 4823 752 4911 μηρός).
846 4825 1070 4890 Etiam
1104 4826 1371 4892 Carolus
1418 4824 1842 4892 Middendorf
1866 4824 2167 4890 Schoenii
2208 4824 2706 4906 explicationem
2749 4823 3136 4890 reiciendam
3178 4824 3454 4908 putavit,
3506 4840 3644 4887 cum
3693 4821 3904 4903 imago
3951 4837 4158 4899 neque
